4667 6609
522 2583 705 2623 ⁴ossruu
740 2586 912 2627 nourr.
1186 2577 1235 2640 381

213 2657 273 2716 ante
293 2660 385 2718 omnia
405 2679 436 2719 os
448 2661 563 2719 «nudare
581 2703 590 2728 ,
608 2669 657 2729 ἃ,
677 2663 697 2717 fi
718 2664 800 2720 latius
822 2667 859 2722 est
879 2671 938 2738 ejus
958 2669 1058 2726 vitium
1086 2687 1174 2747 quam
1194 2668 1240 2726 ul-

211 2759 278 2807 cus,
298 2760 405 2798 earnem
424 2739 584 2806 subsecare,
605 2742 691 2815 donec
712 2743 833 2818 undique
854 2746 943 2812 illud,
963 2751 990 2802 δι
1009 2747 1069 2805 offis
1089 2754 1172 2807 eriam
1190 2753 1238 2807 ma

212 2824 282 2895 regri
302 2840 370 2886 ora,
391 2819 520 2894 patefiat,
540 2838 598 2875 tum
619 2839 685 2877 vero
706 2821 798 2888 illud,
819 2826 894 2899 quod
915 2827 1043 2883 vitiatum
1062 2831 1100 2884 est
1114 2833 1236 2900 ,tolli4

213 2901 246 2957 Id
268 2901 469 2956 medicamentis
491 2900 617 2968 idoneis,
639 2921 719 2959 manu
739 2905 824 2959 etiarn
846 2923 928 2982 atque
949 2905 1118 2967 ferramentis
1137 2910 1180 2967 fit.
1203 2914 1237 2967 In

212 2981 352 3058 prioribus
373 2981 477 3038 leniora
507 2978 568 3038 sunt
589 2979 697 3039 elientia
727 2985 930 3057 aristolochiae,
951 2991 1107 3067 myrrhae,
1131 2994 1206 3049 aloes
1227 3033 1237 3059 ,

214 3064 303 3124 oleum
325 3063 394 3140 ligni
414 3059 517 3128 sandi,
531 3065 792 3140 -caryophyllorum
815 3068 971 3128 Commode
983 3071 1095 3130 essentiae
1112 3077 1238 3132 aristolo-

213 3146 279 3201 chia
300 3143 393 3201 oleum
413 3144 657 3221 caryophyllo'rum
678 3147 820 3215 adjicitur,
841 3169 900 3226 quae
917 3152 1074 3227 compositio
1094 3159 1239 3230 etiamop·

211 3244 329 3301 portuna
349 3225 387 3281 est
404 3266 413 3292 ,
433 3224 556 3301 fipalati
577 3225 636 3284 ossa
658 3226 735 3286 exesa
756 3226 820 3286 sunt
839 3275 845 3287 .
867 3240 879 3303 ζ
889 3235 978 3305 916.)
1001 3235 1169 3292 Valentioris
1190 3256 1239 3310 ge-

213 3311 285 3364 neris
306 3309 344 3366 eli
352 3308 552 3384 euphorbium,
572 3310 667 3386 quod,
687 3311 730 3367 vel
750 3315 846 3369 tritum
865 3311 1045 3392 inspergitur,
1065 3316 1108 3374 vel
1130 3316 1238 3374 alcohol

214 3406 372 3467 exceptum,
394 3390 527 3449 illinitur.
549 3446 552 3449 ,
798 3423 801 3426 ·
1110 3435 1112 3437 v

664 3484 688 3540 §.
701 3482 798 3532 v1061.
1021 3526 1024 3530 ,
1108 3523 1111 3527 .

255 3553 329 3606 inter
351 3553 546 3611 medicamenta
568 3573 634 3612 vero
656 3552 795 3612 fortiffima
817 3554 897 3625 lunt,
920 3579 980 3635 qnae
1000 3581 1033 3617 ex
1054 3563 1238 3637 liquoribus,

192 3633 255 3688 ‘vel
275 3633 357 3689 diuis
379 3631 518 3708 spiritibus
539 3635 648 3701 acidis,
669 3655 868 3710 componuntur
889 3679 898 3706 ,
918 3637 1171 3714 spiritusvirrioli,
1193 3645 1237 3698 vel

213 3708 367 3789 sulphuris,
388 3716 648 3791 phlegmavitrioli,
669 3717 750 3773 &illa
772 3737 976 3776 rurrosrrr
998 3722 1239 3799 compositio,qua

212 3813 354 3872 argentum
375 3798 469 3853 vivum
492 3817 564 3872 aqua
586 3796 652 3853 forti
675 3795 805 3865 solvitur,
828 3819 898 3877 aqua
919 3802 1083 3880 plantaginis
1104 3806 1240 3873 diluitur,

212 3881 239 3933 u
262 3878 396 3932 mediante
416 3879 542 3953 penicillo
564 3879 681 3935 illinitur
700 3903 715 3935 a
732 3922 741 3939 ο
768 3880 1000 3957 Circumspeeiius
1020 3887 1077 3944 ltaec
1097 3889 1191 3944 omnia
1211 3891 1245 3959 &¹

212 3959 251 4014 ita
272 3958 411 4015 admoveri
432 3975 566 4032 oportet,
595 3979 628 4015 ne
650 3961 693 4015 his
714 3980 807 4017 carnes
821 3962 1006 4041 tendinesque
1026 3986 1058 4024 ac
1079 3972 1156 4026 nervi
1179 4009 1190 4034 ,
1210 3973 1238 4023 ὃς

211 4039 241 4094 id
263 4040 337 4113 quod
357 4059 391 4096 ex
412 4037 470 4097 offis
492 4040 647 4096 membrana
669 4041 758 4098 adhuc
768 4045 905 4118 integrum
917 4046 982 4113 est,
1002 4049 1154 4118 violentur,¹
1174 4068 1239 4106 cum

145 4145 147 4148 ·
211 4119 268 4175 haec
288 4139 331 4176 res
353 4162 362 4187 ,
383 4125 409 4177 dc
430 4119 575 4189 dolorem,¹
590 4126 617 4178 ἃ
638 4141 748 4198 gravem
769 4127 1031 4198 inflammationem,
1052 4149 1163 4187 movere
1175 4127 1239 4206 pos-

212 4201 260 4255 fir.
281 4202 500 4258 Necnimisdiu
522 4205 551 4258 in
571 4203 614 4274 his
632 4202 855 4277 perseverandum
874 4208 929 4262 est.
951 4210 1024 4265 Finis
1041 4214 1113 4270 enim
1123 4210 1178 4270 esse
1188 4212 1241 4284 de-

211 4280 275 4349 ber,
297 4283 343 4340 ubi
363 4283 404 4338 ad¹
418 4281 535 4339 solidum
557 4285 744 4359 integrumque
765 4304 798 4341 os
820 4304 930 4343 ventum
950 4291 1006 4346 est.

183 4419 184 4422 =
243 4402 258 4432 a
274 4388 330 4436 Vid.
347 4396 384 4432 LE
401 4394 482 4433 ΜΛΝ
500 4385 555 4434 obs.
573 4389 603 4434 T.
620 4390 652 4434 ΙΙ.
668 4403 691 4445 p.
706 4403 759 4434 201.
1076 4421 1081 4423 -

212 4483 215 4486 <
663 4458 688 4514 §.
714 4456 799 4504 1062.
878 4500 880 4502 ,
964 4483 967 4484 ⁷
1020 4478 1024 4504 ;
1186 4501 1189 4504 ,

253 4529 281 4587 Si
298 4548 366 4587 vero
387 4549 468 4586 manu
489 4549 532 4586 res
554 4529 657 4604 agenda
665 4531 718 4594 est,
738 4546 865 4602 oportet,
885 4532 915 4586 id
936 4535 1011 4608 quod
1032 4537 1168 4594 viriatum
1183 4541 1239 4606 est,

213 4608 334 4686 scalpro,
354 4614 370 4665 b
390 4611 424 4666 ad
444 4610 616 4685 ididoneo,
638 4609 730 4665 radere
747 4649 757 4675 ,
777 4610 863 4666 donet
884 4613 1019 4688 integrum
1040 4616 1140 4685 idsrt,
1156 4621 1261 4694 quod-

212 4694 391 4767 relinquitur.
414 4691 443 4745 Si
458 4692 544 4747 caries
565 4688 803 4770 profundiorest,
826 4691 954 4749 audadter
974 4696 1133 4771 imprimere
1149 4699 1240 4757 ferra-

211 4791 330 4831 mentum
351 4788 485 4846 oportet,
507 4771 624 4828 desmere
649 4791 737 4837 vero,
760 4771 808 4830 ubi
829 4769 856 4830 se
876 4793 956 4831 cruor
976 4777 1093 4834 ostendit
1113 4822 1122 4845 ,
1142 4787 1169 4838 dr
1188 4783 1240 4840 ubi

208 4856 241 4911 os
262 4852 427 4912 soliditatem
447 4853 549 4910 habere
569 4854 689 4927 incipit.
710 4854 738 4909 Si
759 4872 791 4909 os
808 4873 952 4924 eatenus,
980 4859 1058 4934 quod
1079 4879 1236 4938 corruptum

211 4937 267 5003 est,
287 4929 411 4992 derasum
434 4932 511 5005 fuit,
533 4935 562 4993 id
583 4931 700 5011 respergi
719 4935 803 4992 debet
824 4938 1027 4998 medicamentis
1047 4941 1208 5004 ficcantibus
1229 4988 1239 5017 ,

216 5037 279 5075 mox
300 5016 443 5093 propositis
461 5019 493 5071 b.
1137 5069 1139 5072 .

241 5140 255 5184 b
271 5136 333 5183 Vide
349 5144 531 5182 cauruonor
554 5138 591 5184 des
605 5136 670 5193 Instr.
682 5140 710 5181 T.
727 5117 763 5181 Π,
777 5147 799 5195 p.
817 5147 853 5195 96.
871 5140 927 5188 uiff.
943 5156 1021 5192 meam
1041 5146 1073 5195 de
1092 5148 1181 5198 Fistula
1195 5152 1219 5200 Ia

212 5194 452 5255 erymalifig.x111.
1087 5204 1090 5207 ’
1147 5237 1149 5239 ·
1228 5236 1230 5238 -

315 5304 317 5306 .
354 5308 355 5311 ,
661 5264 686 5322 §.
711 5262 796 5328 1063.
1050 5317 1057 5321 ,,

255 5340 283 5393 Si
304 5356 335 5395 os
357 5338 455 5396 durum
476 5343 503 5397 δι
526 5337 691 5407 fistulatum,
710 5339 794 5397 veluti
816 5342 906 5410 tibia,
926 5345 1115 5406 ira'vitiatum
1131 5354 1187 5419 est,
1207 5369 1242 5413 ut

214 5422 299 5476 caries
322 5418 357 5475 ad
366 5419 477 5478 alteram
498 5424 706 5498 etiampartem
726 5422 924 5485 &medullam
937 5431 1109 5497 tranfiverir,
1130 5435 1245 5511 expedi.

215 5495 338 5558 nmmum
359 5501 414 5568 est,
434 5521 466 5559 os
484 5502 626 5571 modiolo,
646 5505 753 5570 etiam,
773 5501 794 5558 fi
814 5504 919 5564 necesse
939 5508 994 5577 est,
1014 5512 1140 5586 pluribus
1159 5517 1240 5574 fastis
1314 5548 1320 5552 ·

215 5580 414 5654 foraminibus,
435 5582 578 5652 excidere,
598 5590 625 5643 dc
645 5586 743 5645 deinde
759 5585 978 5664 circumspeciius
999 5594 1110 5671 radere,
1129 5599 1244 5674 aliaque

214 5667 316 5727 auxilia
335 5665 483 5736 adhibere,
503 5669 627 5747 quibus,
643 5668 678 5727 id
698 5667 773 5750 quod
783 5686 942 5740 corruptum
963 5673 1019 5742 est,
1038 5675 1163 5741 tollitur.
1180 5678 1247 5740 Ubi

1009 5858 1032 5890 Β
