4667 6609
225 2780 271 2839 illi
296 2767 421 2838 resistere
446 2771 527 2829 haud
551 2762 703 2844 potuerim
721 2756 729 2821 j
763 2759 821 2821 Sed
846 2780 919 2822 vero
942 2784 978 2822 eo
1003 2761 1071 2843 ipso
1089 2774 1237 2841 ‘tempore

225 2878 256 2933 in
280 2876 419 2935 miserum
444 2868 679 2941 diuturnumque
704 2860 845 2918 morbum
871 2859 1060 2935 incideram,
1096 2880 1157 2939 quo
1182 2874 1234 2936 per

224 2972 324 3051 plures
349 2964 461 3029 menses
485 2964 560 3021 adeo
585 2958 728 3028 intabui,
755 2974 789 3015 ut
815 2955 919 3027 mihi,
954 2959 992 3016 ad
1017 2976 1141 3015 omnem
1167 2952 1233 3013 rem

226 3054 368 3141 omneque
393 3059 521 3124 studium
546 3055 797 3138 minus‘idoneo,
823 3052 917 3128 magis
943 3055 980 3111 de
1007 3055 1106 3125 vita,
1141 3070 1234 3130 quam

225 3168 261 3222 de
286 3160 370 3229 hujus
396 3153 522 3228 libelli,
555 3152 643 3210 exitu
658 3212 667 3217 s.
678 3166 769 3227 atque
803 3148 863 3205 fine
888 3147 980 3206 suerit
1005 3149 1202 3226 cogitandum
1229 3190 1236 3200 .

225 3258 306 3314 Cum
332 3272 403 3312 vero
427 3267 531 3309 tamen
556 3245 696 3327 promissa
713 3246 925 3325 exigerentur,
951 3244 1045 3320 iisque
1065 3242 1239 3301 satisfacere

224 3369 387 3427 cuperem„
413 3348 487 3425 petii
512 3368 529 3404 a
556 3347 631 3403 Viro
657 3332 916 3401 Excellentiffimo
941 3357 973 3397 et
998 3339 1082 3395 omni
1107 3335 1241 3414 eleganti

223 3443 358 3505 dodini-n
374 3442 539 3522 perpolite,
561 3437 697 3510 JUSTO,
711 3437 993 3497 GODOFREDO
1014 3431 1244 3504 GUNTZIO,

223 3541 255 3598 in
280 3539 444 3599 Academia
470 3538 567 3596 nostra
594 3534 767 3593 Anatomiac
803 3551 835 3591 et
871 3532 1041 3610 Chirurgiae
1069 3529 1240 3589 Professore

223 3635 500 3707 Extraordinario,
536 3649 570 3691 ut
605 3630 754 3688 surnmam
781 3649 906 3686 manum
931 3627 1076 3704 opusculo
1100 3627 1239 3701 impone-

223 3746 295 3803 ret,
321 3732 408 3809 idque
432 3729 501 3801 sibi,
528 3729 698 3803 saparante
724 3725 777 3782 suo
803 3714 982 3794 orbaretur,
1009 3725 1192 3799 adoptaret;
1208 3720 1240 3776 id

224 3827 304 3903 quod
329 3828 366 3883 ab
390 3845 427 3883 eo
436 3870 446 3898 ,
472 3822 665 3903 quisemper
690 3821 750 3878 mei
775 3820 990 3879 amantissimus
1018 3818 1107 3890 fuit,
1134 3834 1167 3874 et
1178 3835 1241 3872 :me

224 3920 361 3997 singulari
387 3920 593 3978 benevolentia
618 3918 792 3996 prosecutus
817 3918 889 3989 est,
923 3913 1013 3973 facile
1045 3913 1239 3997 impetravi.

225 4015 307 4073 Huic
333 4018 439 4084 debes,
468 4013 599 4085 Ledior,
624 4034 678 4085 ea,
704 4035 770 4091 quae
794 4016 833 4071 ad
868 4012 965 4072 varias
1000 4009 1165 4069 calculosos
1190 4029 1239 4065 cu-

226 4109 310 4165 randi
337 4111 429 4187 viae,
464 4124 493 4165 et
526 4110 565 4163 ad
599 4125 718 4162 omnem
745 4108 830 4174 hujus
856 4105 1020 4163 curationis
1045 4106 1202 4162 historiam
1229 4148 1240 4174 ,

224 4222 314 4278 quam
340 4204 458 4274 longam
487 4214 717 4272 accuratamque
745 4201 913 4271 praemisit,
939 4200 1096 4255 attinent.
1132 4200 1240 4268 Hac,

226 4313 334 4369 magno
359 4294 461 4349 labore
485 4310 523 4348 ex
558 4290 682 4366 optimis
715 4289 886 4349 erictortbus
921 4292 1116 4369 composita,
1148 4313 1241 4370 quam

196 4378 199 4383 “
226 4388 350 4466 pulchra
375 4387 457 4459 sint,
482 4386 544 4465 ipse
572 4385 695 4462 legendo
719 4387 942 4465 deprehendere
969 4389 1107 4465 poteris.
1144 4388 1243 4445 Inter-

227 4504 280 4556 ea,
305 4504 373 4543 curn
399 4503 473 4541 meae
498 4482 679 4541 valetudinis
704 4484 837 4558 gravitas
864 4484 894 4541 se
919 4485 1079 4563 paululum
1105 4485 1245 4543 remitte·

226 4596 294 4649 ret,
320 4595 350 4636 et
385 4598 438 4655 ego
470 4597 519 4633 me
550 4573 740 4653 aliquantum
774 4578 945 4636 allevatum
978 4580 1148 4651 sentirem,
1175 4580 1241 4657 ipse

226 4674 337 4730 iterum
363 4673 440 4728 hunc
468 4671 600 4727 laborem
626 4670 739 4748 suscepi
761 4718 771 4744 ,
805 4691 838 4731 et
865 4695 959 4751 pauca
992 4696 1059 4752 quae
1087 4675 1153 4752 poll
1178 4676 1240 4733 cal-

227 4766 396 4825 culosorum
420 4765 823 4842 curationemsequuntur,
857 4770 936 4827 inter
960 4771 1094 4847 corporis
1121 4771 1241 4847 aegritu-

226 4862 309 4918 dines
334 4860 562 4938 debilitatesque
590 4861 721 4937 perfeci.
746 4864 834 4922 Dum
860 4886 932 4923 vero
948 4867 1013 4935 jam
1032 4867 1089 4925 lioc
1114 4866 1241 4945 opuscu-
1286 4889 1290 4892 ’

227 4956 291 5012 lum
317 4954 346 5010 in
371 4955 525 5032 publicum
550 4957 729 5030 emittitur,
764 4961 794 5017 id
829 4962 880 5018 aba
918 4979 948 5019 te
985 4964 1120 5041 petitum
1146 4963 1242 5041 impe-

229 5067 404 5129 tratumque
430 5052 517 5126 volo,
544 5070 578 5111 ut
605 5053 726 5131 omnia,
745 5072 784 5120 ,et
808 5076 845 5114 ea
870 5057 964 5115 etiam
999 5080 1066 5137 quae
1100 5062 1242 5118 emenda-

228 5146 311 5203 tione
335 5147 464 5224 quadam
489 5165 598 5227 egent,
623 5151 695 5226 aqui
714 5166 746 5207 et
763 5152 834 5208 boni
853 5152 1004 5211 consulas.
1034 5154 1139 5213 Multa
1159 5156 1242 5225 enim

229 5241 372 5319 corrigere
397 5242 529 5319 possem,
557 5245 599 5318 si,
623 5266 686 5323 quae
710 5264 780 5304 ante
804 5248 922 5327 aliquot
956 5270 1047 5308 annos
1082 5252 1164 5330 typis
1190 5272 1242 5310 ex-

149 5358 152 5363 ·
228 5336 324 5409 pressa
343 5337 494 5412 fuerunt,
527 5341 592 5411 jam
623 5341 777 5401 scribenda
809 5344 902 5404 essent
919 5368 929 5419 3
962 5347 993 5405 id
1018 5349 1098 5426 quod
1124 5348 1175 5406 vel
1201 5368 1241 5407 ex

229 5431 447 5490 Dissertatione
478 5436 635 5522 quam,fi
661 5439 747 5496 Deus
774 5441 874 5499 vitam
898 5444 1038 5525 dederit,
1063 5445 1242 5524 propediem

230 5527 267 5585 de
294 5528 466 5599 Hydrocele
492 5552 680 5610 proponam,
708 5536 825 5596 clarum
851 5539 926 5597 erit.
953 5536 1030 5598 Sunt
1056 5542 1150 5600 etiam
1177 5587 1186 5613 ,
1211 5543 1242 5597 in

230 5624 335 5701 quibus
363 5645 419 5703 per
440 5646 572 5687 errorem
599 5630 714 5710 lapsum
740 5633 801 5707 est,
828 5636 912 5704 cujus
930 5636 972 5693 rei
997 5624 1175 5716 exemplum
1201 5638 1243 5694 le·

232 5719 313 5797 gitur
336 5720 366 5776 5ss
392 5714 421 5798 i
450 5723 518 5793 831-
544 5748 613 5786 cum
638 5750 697 5809 quo
725 5720 753 5807 ξ.
776 5732 846 5803 848.
870 5733 998 5793 conferri
1025 5735 1151 5813 potest„
1169 5734 1242 5791 Ani·
