4667 6609
733 2529 1090 2577 ’ΌΡΗΤΗΑΙ-ΜΙΑ.

598 2681 1279 2765 οΡΗτΗΑιΜΙΑ.1

863 2874 888 2931 S·
918 2880 983 2934 275·

456 3036 549 3092 Variis
570 3036 597 3089 ἃ
619 3031 773 3109 ingentibus
793 3026 896 3085 casibus
917 3024 991 3083 oculi
1012 3032 1127 3095 patent,
1148 3024 1262 3085 quorum
1283 3002 1372 3079 piures
1394 2997 1440 3063 aci„¹

417 3119 642 3175 inflammationes
663 3115 823 3189 pertinent,
843 3110 888 3166 vei
908 3128 942 3164 ex
964 3106 997 3159 iis
1018 3097 1160 3156 nascuntur
1184 3134 1191 3146 .
1221 3088 1250 3144 Si
1271 3085 1343 3141 enim
1363 3099 1431 3138 ocu-

417 3200 508 3257 lorum
528 3200 624 3255 tunicae
644 3198 874 3256 inflammantur,
903 3186 1014 3242 morbus
1034 3175 1232 3251 ophthairnia‚
1258 3169 1300 3223 vei
1319 3164 1432 3238 lippitu-

419 3282 456 3337 do
482 3281 612 3343 dicitur,
642 3279 764 3343 cujus&
791 3274 868 3325 varia
897 3280 1021 3339 genera,
1051 3257 1133 3314 varice
1153 3257 1236 3311 etiam
1256 3243 1337 3305 causac
1360 3285 1369 3310 ,
1390 3259 1432 3297 at-

418 3380 470 3434 que
491 3376 611 3431 tempora
633 3352 718 3418 sunt,
745 3354 775 3404 in
801 3364 920 3424 qnorum
947 3342 1080 3400 omnium
1102 3334 1255 3409 cognitione
1284 3325 1431 3399 curationis

418 3437 520 3496 srutnrna
540 3436 603 3493 est.
633 3431 796 3508 Ophtalmiae
826 3430 898 3483 enirn
928 3424 1005 3499 plura
1034 3415 1186 3477 communia
1217 3406 1278 3464 sunt
1306 3424 1368 3463 cunt
1383 3405 1433 3469 in-

417 3520 628 3581 flammatione,
656 3533 740 3590 quare
759 3512 842 3567 etiarn
864 3509 898 3564 ab
919 3507 1000 3577 hujus
1020 3494 1181 3577 potiffinturn
1202 3489 1355 3567 cognitione
1377 3504 1434 3540 rne-
1458 3489 1460 3491 ’

418 3601 499 3658 dendi
521 3596 590 3656 ratio
609 3594 741 3653 trahenda
758 3592 819 3649 est.
840 3592 941 3647 Praeter
958 3588 1014 3642 haec
1031 3577 1173 3639 discrimen
1190 3572 1228 3631 cst
1246 3613 1255 3638 ‚
1275 3571 1294 3626 st
1315 3567 1436 3625 exterio-

350 3724 355 3733 r
415 3702 460 3740 res
476 3682 572 3739 tunica
588 3701 603 3735 a
619 3678 765 3741 laborant,
784 3674 830 3731 vei
847 3673 871 3727 sr-
888 3670 966 3734 aiiae,
986 3683 1044 3743 quae
1058 3663 1132 3717 intus
1151 3660 1180 3713 in
1193 3653 1275 3712 oculo
1291 3647 1371 3715 sunt,
1393 3649 1437 3702 in-

419 3768 616 3823 flammantur·
920 3758 922 3760 ’

441 3926 464 3955 ἀ
480 3915 533 3959 Non
545 3912 642 3957 omnino
655 3906 799 3953 consentiunt
814 3901 915 3947 auctores
929 3899 959 3944 de
979 3894 1060 3943 harum
1082 3899 1231 3939 externarum
1245 3881 1379 3931 tunicarum
1394 3892 1437 3924 nu-

420 3983 484 4015 mero
497 3968 522 4013 ἃ
537 3965 738 4013 denominatione.
755 3961 834 4006 Plures
847 3960 932 4002 tunicae
946 3955 1049 4007 adnare,
1067 3950 1105 3995 vei
1121 3944 1274 3999 conjuneivae
1298 3976 1306 3994 ,
1323 3938 1360 3984 vei
1375 3953 1387 3983 a
1412 3951 1439 3981 u-

419 4026 516 4083 gineae,
537 4025 631 4071 nomine
649 4034 732 4068 vornnes
748 4014 969 4074 comprehendunt.
992 4018 1087 4057 nour
1103 4010 1281 4053 enumero¹
1295 4005 1317 4061 nr
1341 3993 1438 4042 Medical

420 4082 494 4141 Effays
509 4084 554 4126 Vol.
566 4087 616 4126 ΠΙ.
634 4077 681 4138 obs.
689 4082 749 4121 ΧΠ,
764 4086 786 4134 p.
796 4081 849 4121 161.
864 4073 971 4119 tunicam
984 4065 1133 4125 albugineatn
1146 4060 1173 4107 iu
1186 4058 1245 4106 duas
1255 4055 1366 4112 diuidit,
1381 4068 1439 4109 qua·

419 4156 475 4199 rum
488 4141 584 4188 alteram
599 4176 607 4197 ,
621 4141 736 4185 internam
750 4172 758 4192 ,
771 4133 867 4181 deducit
881 4146 894 4177 a
910 4126 1013 4187 periostio
1025 4124 1104 4172 orbitae
1119 4158 1127 4179 ,
1149 4133 1188 4177 per
1202 4116 1261 4174 quod
1279 4151 1287 4171 ‚
1306 4125 1335 4180 ut
1355 4122 1439 4164 notum

427 4198 458 4245 'st
473 4234 482 4255 ‚
503 4198 559 4244 dura
572 4195 659 4245 cerebri
673 4193 806 4239 membrana
818 4190 881 4237 oculi
900 4187 988 4233 tunicis
1003 4182 1106 4239 iungitur
1122 4215 1130 4235 ,
1152 4176 1247 4223 aiteram
1260 4173 1288 4219 ab
1305 4170 1345 4216 iila
1361 4183 1437 4215 mern-

423 4256 497 4303 bt‘ana
512 4292 520 4312 ‚
535 4270 580 4312 qua
592 4253 690 4300 interius
706 4251 816 4307 palpebrae
830 4253 982 4303 conteguntur
997 4277 1003 4287 .
1029 4241 1073 4287 His
1088 4234 1217 4295 superaddit
1233 4228 1381 4290 aponeurofin
1396 4225 1436 4274 vei

423 4314 607 4373 epidermidem,
624 4306 768 4366 (Aponeurose
782 4322 806 4351 or
818 4307 931 4361 surpeau)
948 4317 997 4359 que
1012 4298 1049 4345 his
1063 4295 1170 4343 omnibus
1186 4328 1192 4347 ,
1207 4291 1232 4337 &
1249 4303 1351 4342 cornea,
1368 4288 1438 4331 inna÷

423 4385 449 4423 ta
463 4372 507 4419 esse
522 4371 630 4424 dicitur,
651 4368 676 4413 id
691 4366 751 4423 quod
765 4380 795 4410 ea
810 4362 907 4421 pustulis
928 4360 1025 4417 sepeio
1049 4370 1130 4402 cornea
1149 4348 1202 4398 ortis
1219 4349 1293 4406 probat
1310 4378 1315 4389 .
1341 4343 1439 4396 Nullam

424 4429 569 4477 mentionem
583 4426 638 4469 facit
652 4422 739 4475 iliius,
763 4436 813 4475 quae
827 4435 840 4462 a
855 4418 1009 4462 musculorum
1023 4410 1158 4461 cendinibus
1180 4408 1228 4454 otio
1244 4405 1284 4451 sub
1298 4404 1382 4449 adnata
1399 4402 1441 4447 sita

420 4487 458 4532 est
471 4508 480 4527 r
498 4479 708 4531 Existimarem,
730 4474 849 4520 commode
865 4472 905 4514 has
919 4472 1010 4514 tunicas
1031 4471 1107 4512 dividi
1124 4469 1181 4521 posse
1198 4469 1224 4512 in
1239 4465 1347 4509 intimam
1364 4474 1439 4517 ,que

421 4540 582 4601 aponeurotica
595 4538 621 4591 dc
635 4534 757 4591 albugiuea
770 4531 820 4578 dici
833 4528 906 4587 >potest
923 4563 930 4585 ‚
954 4527 978 4571 ἃ
993 4542 1007 4572 a
1021 4522 1178 4569 musculorum
1194 4522 1330 4566 tendinibus
1345 4520 1412 4564 venit
1428 4553 1437 4573 ‚

421 4600 450 4649 in
463 4600 587 4654 adnotatu,
599 4607 651 4654 quae
665 4592 748 4651 partim
762 4605 776 4635 a
791 4587 895 4646 periostio
908 4583 985 4631 orbitae
1002 4620 1009 4640 ‚
1026 4584 1110 4641 partim
1125 4580 1230 4625 atunica
1245 4575 1364 4636 palpebras
1383 4576 1443 4621 inte-

422 4661 472 4709 rius
485 4666 637 4715 contegente,
650 4651 771 4705 educitur,
787 4647 897 4704 superque
911 4643 971 4691 hanc
986 4643 1073 4697 fertur,
1091 4656 1134 4688 uec
1151 4654 1197 4684 non
1213 4637 1238 4682 in
1253 4635 1440 4692 epidermidem,

421 4720 465 4767 teu
479 4716 593 4764 extimam
605 4710 754 4757 tenerrimam
769 4742 777 4762 ,
793 4720 837 4763 qua
851 4719 930 4750 omnes
946 4739 953 4759 ,
968 4701 992 4747 ἃ
1008 4703 1079 4745 etiam
1095 4714 1194 4753 cornea,
1208 4706 1384 4753 conteguntur.
1403 4697 1442 4739 in-

423 4788 461 4823 ter
474 4774 516 4821 has
530 4770 674 4818 membranas
687 4765 838 4833 tenerrimum
853 4764 876 4809 &
893 4760 1028 4808 celiulosum
1041 4770 1177 4805 contextum
1191 4755 1236 4801 effe
1254 4790 1260 4812 ,
1282 4754 1307 4798 ἃ
1322 4753 1387 4798 inter
1402 4767 1441 4797 eas

423 4834 499 4882 etiam
515 4830 608 4877 arterias
622 4829 735 4882 venaique
748 4824 822 4870 omnis
836 4822 926 4880 generis
948 4818 1075 4867 discurrere
1091 4852 1098 4873 ,
1119 4815 1220 4863 ostendit
1241 4811 1328 4869 quevis
1345 4809 1440 4856 inflam-

425 4892 520 4945 matio,
543 4888 633 4946 ipsaque
653 4883 784 4933 chemofis.
808 4884 861 4929 Non
883 4878 955 4925 semel
976 4878 1000 4923 in
1022 4876 1107 4924 tunica,
1128 4887 1233 4927 cornea,
1256 4869 1358 4915 maxime
1381 4868 1397 4912 fi
1415 4868 1444 4913 ii·

421 4950 451 5006 v,la
464 4948 594 4995 exulcerata
608 4946 653 4991 fuit
667 4980 674 5001 ,
697 4957 790 4990 cernere
803 4941 865 4999 potui
878 4936 973 4985 arterias
987 4933 1087 4980 minores
1108 4929 1235 4977 rubicundo
1255 4928 1366 4983 sanguine
1384 4943 1438 4973 con-

426 5006 578 5055 fernffimas.
602 5009 683 5063 opere
706 5001 806 5060 pretium
826 4999 940 5053 videtur,
963 4995 1004 5042 has
1026 5002 1100 5052 partes
1121 4990 1187 5049 paulo
1202 4987 1330 5035 accuratius
1354 4985 1438 5033 distin-

428 5078 519 5124 gnere.

873 5126 899 5186 ς,
929 5121 995 5186 276.
1239 5150 1241 5153 v

441 5201 583 5285 «Τάραξις
602 5206 703 5261 dicitur
722 5244 732 5270 ,
753 5203 773 5258 sr
793 5204 884 5258 tunica
905 5198 1004 5255 adnata
1024 5210 1119 5270 parurn
1141 5191 1220 5247 rubet
1241 5230 1251 5257 ,
1279 5188 1332 5245 fine
1353 5204 1446 5244 tumo-

430 5309 461 5347 re
482 5307 513 5344 ac
532 5289 625 5346 dolore
647 5307 655 5345 ς
677 5284 751 5362 quod
772 5303 854 5361 genus
876 5279 941 5355 saepe
963 5297 980 5333 a
1000 5278 1079 5335 rebus
1100 5276 1189 5330 oritur
1214 5312 1223 5339 ,
1252 5289 1311 5346 quae
1340 5272 1445 5325 extrin-

431 5368 506 5427 secus
526 5370 632 5428 oculum
657 5367 782 5432 laedunt,
812 5362 874 5421 solis
896 5363 958 5420 aestu
976 5398 984 5424 ,
1005 5355 1080 5414 furno
1098 5396 1107 5421 ,
1128 5355 1294 5430 pulverea.
1328 5350 1356 5405 Si
1378 5370 1446 5407 vero

432 5470 488 5523 non
509 5448 593 5509 solum
611 5452 702 5508 tunica
723 5447 847 5514 adnata,
877 5443 924 5502 sed
945 5440 1026 5499 etiarn
1056 5436 1275 5515 aponeurotica‚
1302 5428 1347 5488 seu
1368 5432 1448 5489 aibu-

428 5534 538 5611 ginta,
565 5552 622 5611 quae
643 5551 660 5590 a
685 5528 811 5609 musculis„
834 5530 947 5608 ocuiun't
978 5520 1147 5599 moventibus
1168 5517 1271 5583 venit,
1303 5513 1383 5572 vaide
1404 5516 1448 5570 in«
