4667 6609
479 2548 954 2593 discussumunuucutus·
1018 2588 1019 2591 ,
1193 2538 1228 2589 133

215 2659 220 2667 ·
618 2637 929 2694 ⁴§.100.''''
1188 2641 1220 2664 ν

250 2720 352 2777 Cetera
381 2736 439 2793 quae
460 2715 494 2770 ad
514 2711 681 2789 purgandum
703 2702 880 2786 abscessum,
902 2701 1229 2782 marrimandum&
1255 2712 1256 2715 ’

214 2802 365 2858 cicatricem
386 2793 580 2859 inducendam,
601 2785 874 2855 conveniunt,‘infra
893 2786 1014 2868 docenda
1034 2784 1110 2843 sunt.
1133 2782 1243 2869 (vide

214 2880 369 2937 vulneribus
386 2875 402 2931 ,ss
412 2882 437 2941 )>
452 2877 471 2938 J
472 2891 516 2927 am
536 2874 617 2931 etiarn
633 2866 869 2932 medicamenta,
899 2886 958 2942 quae
987 2865 1142 2945 sanguinem
1162 2884 1231 2941 pur-

214 2977 278 3035 gant
297 2980 312 3025 ,·
336 2951 475 3013 necessaria
495 2948 580 3006 sunt.
610 2952 707 3005 Omnis
728 2947 833 3011 curatio
863 2945 898 3001 ad
918 2946 1039 3023 corporis
1070 2946 1197 3004 habitum
1221 2986 1232 3011 ,

212 3056 342 3101 aetatem,
362 3035 424 3090 vitae
444 3049 557 3107 genus,
589 3026 708 3102 aliosque
729 3027 839 3085 morbos
871 3027 971 3102 quibus
1001 3048 1068 3106 ager
1090 3027 1232 3093 laborat,

213 3113 351 3191 dirigenda
371 3112 432 3167 est.
462 3106 614 3166 Perniciosa
643 3104 694 3165 else
723 3105 858 3184 possunt,
887 3127 947 3183 quar
978 3105 1106 3165 adversus
1128 3109 1230 3164 humo-

213 3214 273 3251 rum
294 3194 360 3250 ‘vitia
380 3191 439 3247 dari
459 3186 544 3246 solent
564 3231 574 3257 ,
594 3188 613 3247 sr
633 3187 789 3265 sanguinem
809 3187 890 3245 nimis
912 3187 999 3245 cient.
1022 3186 1122 3244 Aliena
1144 3191 1230 3243 etlam

212 3269 271 3330 sunt
292 3272 326 3327 ab
346 3272 425 3327 initio
444 3272 615 3345 purgantia,
643 3274 709 3347 quia
728 3271 804 3346 puris
825 3271 929 3326 exitum
952 3268 1107 3334 cohibent,
1138 3286 1198 3343 quae
1216 3284 1231 3334 ·,

212 3351 321 3427 quando
341 3352 376 3407 ad
403 3350 580 3406 inducendam
606 3352 757 3408 cicatricem
779 3367 905 3409 ventum,
921 3351 960 3406 est
984 3392 994 3417 ,
1021 3349 1199 3425 requiruntur
1220 3391 1230 3404 ,

211 3429 363 3489 Neceffaria
383 3431 420 3487 est
439 3430 612 3487 abstinentia.
633 3432 709 3496 Nam
719 3430 767 3498 ,si
787 3433 907 3499 cruditas
929 3433 958 3487 in
979 3450 1091 3507 corpore
1112 3430 1175 3495 est,
1196 3448 1230 3485 ea

211 3514 292 3569 etiam
312 3514 340 3567 in
359 3531 424 3587 pure
441 3509 672 3589 deprehenditur,
692 3530 774 3588 quam
795 3510 876 3568 facile
898 3509 1032 3586 dignoscit
1052 3513 1156 3585 peritus
1168 3512 1233 3567 chi-

211 3611 306 3667 rurgus
320 3613 367 3646 as
520 3594 522 3637 ἶ
723 3632 725 3634 a
1094 3628 1096 3630 »

235 3724 250 3752 a
263 3708 286 3755 Si
300 3724 358 3766 aeger
383 3709 405 3756 se
422 3710 476 3755 vino
491 3710 531 3755 Vel
551 3710 594 3757 alla
610 3709 731 3757 valentiori
745 3711 836 3768 potione
859 3709 1013 3773 ingurgitavit
1029 3706 1036 3765 ,
1058 3708 1099 3754 vel
1115 3701 1228 3760 seconci-

209 3777 257 3811 ttto
268 3767 340 3812 animi
355 3780 418 3814 motu
434 3766 575 3825 penurbatus
589 3768 636 3814 fuit
645 3798 654 3824 ,κ
672 3783 730 3815 nora
745 3770 817 3814 oritur
831 3766 987 3815 inflammat-io
1002 3803 1010 3822 ,
1026 3766 1142 3814 siccantur
1157 3781 1200 3812 orae
1217 3802 1225 3821 ‚

212 3838 255 3879 pus
267 3837 335 3871 tenue
348 3824 376 3870 fit
390 3861 397 3883 ,
413 3840 463 3873 acre
478 3861 486 3884 ,
501 3826 582 3873 rodens
599 3858 606 3870 .
629 3826 813 3881 straminibus
829 3825 937 3885 implevit
957 3862 965 3884 ,
981 3840 1024 3885 pus
1040 3824 1133 3876 lentum
1149 3824 1182 3872 est
1200 3823 1225 3874 δί,
1241 3890 1244 3892 ¹

210 3895 278 3928 muco
288 3897 342 3928 um.
547 3912 549 3914 ·

658 3989 691 4044 §.'
708 4000 771 4035 101.
806 3991 809 3995 ’

254 4057 283 4112 Si
304 4058 440 4124 durities,
460 4058 598 4132 postquam
618 4078 668 4132 pus
690 4056 801 4115 effusum
822 4060 884 4126 est,
912 4078 1001 4136 manet
1020 4102 1029 4127 ,
1050 4059 1226 4134 superhaberi

211 4134 307 4189 debent
335 4138 495 4192 emollientia
526 4141 552 4190 &
579 4155 629 4209 pus
651 4139 815 4200 moventia,
845 4158 878 4192 ex
899 4142 1046 4211 emplastris
1077 4141 1228 4217 diachylon
1311 4184 1313 4186 ψ

210 4211 400 4286 compostum.

391 4369 1047 4434 FURaUNCULUs,

464 4580 466 4582 v
572 4554 574 4556 ·
655 4536 681 4591 ᾗ
705 4547 768 4584 102.
896 4587 898 4589 ,
1211 4568 1213 4570 ·

250 4605 413 4660 Furunculus
443 4605 479 4659 est
507 4602 634 4662 abscessus
664 4609 800 4682 quoddam
821 4629 908 4685 genus·
926 4652 937 4678 -,
967 4616 1042 4690 quod
1055 4618 1182 4686 oritur,
1204 4620 1224 4677 fi

211 4679 343 4756 sanguinis
364 4702 457 4756 parum
477 4703 510 4739 ex
532 4704 609 4759 rupta
630 4686 721 4763 aliqua
742 4690 841 4762 minori
863 4695 962 4749 arteria
976 4699 1068 4763 coiit,
1089 4702 1140 4765 dc,
1157 4705 1224 4776 quia
1252 4721 1254 4723 ·

211 4758 277 4815 solvi
299 4780 328 4815 ac
349 4762 456 4817 mobilis
478 4764 553 4818 reddi
574 4770 694 4840 nequit,
715 4770 743 4822 in
760 4788 813 4843 pus
834 4775 973 4830 vertitur.
995 4778 1070 4833 Nam
1092 4818 1101 4844 ,
1123 4779 1141 4834 fi
1162 4783 1226 4856 plu-

211 4858 252 4893 res
273 4841 374 4894 arteriae
395 4860 575 4915 rumpuntur,
594 4848 679 4916 major
698 4849 772 4922 puris
794 4856 978 4911 concurrentis
1000 4858 1098 4915 modus
1119 4862 1175 4929 est,
1197 4868 1225 4921 dc
1247 4906 1249 4909 ψ

211 4916 242 4971 fit
263 4915 405 4975 abscessus,
420 4922 468 4975 ‘Ex
489 4917 635 4981 furunculo
651 4930 722 4984 enim
743 4931 853 4989 minime
875 4936 991 5002 multum
1011 4940 1096 4995 exit

323 5051 334 5082 3
395 5025 397 5028 ·
647 5014 674 5071 ς.
706 5027 768 5081 103.
1112 5047 1115 5051 ·

252 5078 317 5146 Ejus
337 5095 404 5135 notae
424 5076 502 5157 sunt:
524 5083 692 5143 tuberculum
712 5109 841 5160 acutum,
861 5097 943 5152 valde
964 5099 1082 5168 durum,
1106 5122 1170 5162 cum
1185 5108 1230 5164 in÷

212 5158 389 5231 flammarione
410 5164 436 5215 dr
456 5179 505 5233 pro
526 5165 608 5222 modo
638 5173 751 5228 tumoris
771 5174 997 5237 vehementissime
1017 5183 1141 5242 dolens,
1170 5189 1225 5246 Fu-

209 5235 334 5326 runculus
355 5240 425 5294 enim
445 5242 491 5295 ovi
511 5241 618 5302 dimidii
640 5253 850 5326 magnitudinem
871 5277 935 5315 raro
945 5256 1051 5337 explet,
1072 5285 1224 5345 numquam

210 5314 330 5369 excedit.
352 5320 445 5375 Manet
464 5320 577 5382 durities
597 5332 624 5383 ἃ
644 5347 706 5386 cum
726 5333 820 5392 dolore
842 5336 981 5399 increscit.
1005 5346 1129 5404 Tandem
1150 5347 1226 5408 sum·

210 5411 268 5448 mus
288 5411 378 5453 tumor
398 5398 562 5472 inalbescit,
590 5411 618 5463 &
638 5408 752 5469 nascitur
774 5418 881 5491 pustula
903 5463 913 5489 ,
943 5444 977 5479 ex
998 5445 1052 5502 qua
1074 5448 1155 5506 rupta
1175 5452 1226 5507 pa-

209 5491 269 5529 rum
287 5480 362 5549 puris
382 5478 453 5557 crassi
474 5521 484 5549 ,
505 5479 630 5566 sanguine
650 5496 785 5563 remixti,
814 5502 872 5557 exit
898 5547 904 5558 .
934 5504 1050 5567 Nullum
1071 5512 1220 5585 periculum
