<?xml version="1.0" encoding="UTF-8"?>
<!DOCTYPE html PUBLIC "-//W3C//DTD XHTML 1.0 Transitional//EN"
    "http://www.w3.org/TR/xhtml1/DTD/xhtml1-transitional.dtd">
<html xmlns="http://www.w3.org/1999/xhtml" xml:lang="en" lang="en">
 <head>
  <title>
</title>
<meta http-equiv="Content-Type" content="text/html;charset=utf-8" />
  <meta name='ocr-system' content='tesseract 3.04.00' />
  <meta name='ocr-capabilities' content='ocr_page ocr_carea ocr_par ocr_line ocrx_word'/>
</head>
<body>
  <div class='ocr_page' id='page_1' title='image "./iozachariaeplat00platgoog/iozachariaeplat00platgoog_0511.png"; bbox 0 0 4667 6609; ppageno 0'>
   <div class='ocr_carea' id='block_1_1' title="bbox 453 2464 1174 2547">
    <p class='ocr_par' dir='ltr' id='par_1_1' title="bbox 453 2464 1174 2547">
     <span class='ocr_line' id='line_1_1' title="bbox 453 2464 1174 2547; baseline -0.047 -14"><span class='ocrx_word' id='word_1_1' title='bbox 453 2489 501 2547; x_wconf 79' lang='lat'>496</span> <span class='ocrx_word' id='word_1_2' title='bbox 738 2470 1003 2515; x_wconf 51' lang='lat' dir='ltr'>ranacr’urrsrs</span> <span class='ocrx_word' id='word_1_3' title='bbox 1028 2464 1174 2501; x_wconf 60' lang='lat' dir='ltr'>vesicae.</span> 
     </span>
    </p>
   </div>
   <div class='ocr_carea' id='block_1_2' title="bbox 451 2541 1469 2960">
    <p class='ocr_par' dir='ltr' id='par_1_2' title="bbox 451 2541 1469 2960">
     <span class='ocr_line' id='line_1_2' title="bbox 453 2541 1469 2639; baseline -0.032 -10"><span class='ocrx_word' id='word_1_4' title='bbox 453 2588 531 2637; x_wconf 83' lang='lat' dir='ltr'>eant,</span> <span class='ocrx_word' id='word_1_5' title='bbox 552 2567 586 2623; x_wconf 90' lang='lat' dir='ltr'>de</span> <span class='ocrx_word' id='word_1_6' title='bbox 606 2572 661 2639; x_wconf 86' lang='lat' dir='ltr'>qua</span> <span class='ocrx_word' id='word_1_7' title='bbox 681 2558 753 2617; x_wconf 84' lang='lat' dir='ltr'>infra</span> <span class='ocrx_word' id='word_1_8' title='bbox 773 2559 881 2621; x_wconf 74' lang='lat' dir='ltr'>dicam,</span> <span class='ocrx_word' id='word_1_9' title='bbox 902 2547 1057 2609; x_wconf 85' lang='lat' dir='ltr'>eximendus</span> <span class='ocrx_word' id='word_1_10' title='bbox 1066 2546 1119 2603; x_wconf 90' lang='lat' dir='ltr'>est.</span> <span class='ocrx_word' id='word_1_11' title='bbox 1141 2546 1174 2600; x_wconf 90' lang='lat' dir='ltr'>In</span> <span class='ocrx_word' id='word_1_12' title='bbox 1194 2541 1301 2619; x_wconf 80' lang='lat' dir='ltr'>plagam</span> <span class='ocrx_word' id='word_1_13' title='bbox 1322 2548 1469 2613; x_wconf 66' lang='lat' dir='ltr'>conjiciunt·</span> 
     </span>
     <span class='ocr_line' id='line_1_3' title="bbox 451 2622 1468 2723; baseline -0.031 -13"><span class='ocrx_word' id='word_1_14' title='bbox 451 2651 566 2711; x_wconf 83' lang='lat' dir='ltr'>fistulam</span> <span class='ocrx_word' id='word_1_15' title='bbox 587 2646 667 2723; x_wconf 90' lang='lat' dir='ltr'>paulo</span> <span class='ocrx_word' id='word_1_16' title='bbox 688 2642 835 2718; x_wconf 87' lang='lat' dir='ltr'>pleniorem</span> <span class='ocrx_word' id='word_1_17' title='bbox 857 2649 1030 2711; x_wconf 74' lang='lat' dir='ltr'>argenteam,</span> <span class='ocrx_word' id='word_1_18' title='bbox 1050 2647 1136 2704; x_wconf 86' lang='lat' dir='ltr'>quam</span> <span class='ocrx_word' id='word_1_19' title='bbox 1156 2624 1261 2681; x_wconf 87' lang='lat' dir='ltr'>tamdiu</span> <span class='ocrx_word' id='word_1_20' title='bbox 1282 2622 1438 2697; x_wconf 78' lang='lat' dir='ltr'>relinquunt</span> <span class='ocrx_word' id='word_1_21' title='bbox 1459 2666 1468 2691; x_wconf 84' lang='lat'>‚</span> 
     </span>
     <span class='ocr_line' id='line_1_4' title="bbox 451 2700 1468 2800; baseline -0.031 -9"><span class='ocrx_word' id='word_1_22' title='bbox 451 2740 480 2792; x_wconf 81' lang='lat' dir='ltr'>dc</span> <span class='ocrx_word' id='word_1_23' title='bbox 500 2732 590 2789; x_wconf 79' lang='lat' dir='ltr'>ventri</span> <span class='ocrx_word' id='word_1_24' title='bbox 611 2727 749 2800; x_wconf 74' lang='lat' dir='ltr'>alligant,</span> <span class='ocrx_word' id='word_1_25' title='bbox 770 2719 876 2785; x_wconf 75' lang='lat' dir='ltr'>donec,</span> <span class='ocrx_word' id='word_1_26' title='bbox 897 2715 925 2772; x_wconf 87' lang='lat' dir='ltr'>id</span> <span class='ocrx_word' id='word_1_27' title='bbox 945 2710 1019 2788; x_wconf 87' lang='lat' dir='ltr'>quod</span> <span class='ocrx_word' id='word_1_28' title='bbox 1041 2711 1069 2765; x_wconf 91' lang='lat' dir='ltr'>in</span> <span class='ocrx_word' id='word_1_29' title='bbox 1090 2711 1173 2766; x_wconf 85' lang='lat' dir='ltr'>urinae</span> <span class='ocrx_word' id='word_1_30' title='bbox 1194 2706 1290 2761; x_wconf 87' lang='lat' dir='ltr'>itinere</span> <span class='ocrx_word' id='word_1_31' title='bbox 1310 2700 1468 2771; x_wconf 72' lang='lat' dir='ltr'>inhaeserat,</span> 
     </span>
     <span class='ocr_line' id='line_1_5' title="bbox 454 2783 1469 2874; baseline -0.034 -1"><span class='ocrx_word' id='word_1_32' title='bbox 454 2814 538 2873; x_wconf 85' lang='lat' dir='ltr'>fuerit</span> <span class='ocrx_word' id='word_1_33' title='bbox 559 2806 716 2874; x_wconf 86' lang='lat' dir='ltr'>sublatum.</span> <span class='ocrx_word' id='word_1_34' title='bbox 736 2801 837 2857; x_wconf 80' lang='lat' dir='ltr'>Fistula</span> <span class='ocrx_word' id='word_1_35' title='bbox 858 2794 997 2856; x_wconf 86' lang='lat' dir='ltr'>commode</span> <span class='ocrx_word' id='word_1_36' title='bbox 1018 2809 1107 2866; x_wconf 88' lang='lat' dir='ltr'>panno</span> <span class='ocrx_word' id='word_1_37' title='bbox 1128 2786 1211 2845; x_wconf 88' lang='lat' dir='ltr'>serico</span> <span class='ocrx_word' id='word_1_38' title='bbox 1232 2802 1321 2842; x_wconf 86' lang='lat' dir='ltr'>cerato</span> <span class='ocrx_word' id='word_1_39' title='bbox 1342 2783 1469 2843; x_wconf 82' lang='lat' dir='ltr'>obvolvi-</span> 
     </span>
     <span class='ocr_line' id='line_1_6' title="bbox 453 2864 1467 2960; baseline -0.034 -6"><span class='ocrx_word' id='word_1_40' title='bbox 453 2914 524 2953; x_wconf 88' lang='lat' dir='ltr'>tur.</span> <span class='ocrx_word' id='word_1_41' title='bbox 546 2894 603 2947; x_wconf 79' lang='lat' dir='ltr'>Prae</span> <span class='ocrx_word' id='word_1_42' title='bbox 623 2888 717 2944; x_wconf 89' lang='lat' dir='ltr'>ceteris</span> <span class='ocrx_word' id='word_1_43' title='bbox 738 2898 805 2960; x_wconf 83' lang='lat' dir='ltr'>aptae</span> <span class='ocrx_word' id='word_1_44' title='bbox 827 2878 887 2941; x_wconf 87' lang='lat' dir='ltr'>sunt</span> <span class='ocrx_word' id='word_1_45' title='bbox 908 2875 991 2944; x_wconf 72' lang='lat' dir='ltr'>fistule</span> <span class='ocrx_word' id='word_1_46' title='bbox 1013 2890 1144 2948; x_wconf 80' lang='lat' dir='ltr'>argenteae</span> <span class='ocrx_word' id='word_1_47' title='bbox 1165 2867 1295 2932; x_wconf 80' lang='lat' dir='ltr'>flexiles,</span> <span class='ocrx_word' id='word_1_48' title='bbox 1315 2864 1357 2921; x_wconf 87' lang='lat' dir='ltr'>vel</span> <span class='ocrx_word' id='word_1_49' title='bbox 1378 2864 1467 2939; x_wconf 88' lang='lat' dir='ltr'>plum-</span> 
     </span>
    </p>
   </div>
   <div class='ocr_carea' id='block_1_3' title="bbox 453 2972 676 3045">
    <p class='ocr_par' dir='ltr' id='par_1_3' title="bbox 453 2972 676 3045">
     <span class='ocr_line' id='line_1_7' title="bbox 453 2972 676 3045; baseline -0.058 3"><span class='ocrx_word' id='word_1_50' title='bbox 453 2978 560 3045; x_wconf 73' lang='lat' dir='ltr'>beae-t</span> <span class='ocrx_word' id='word_1_51' title='bbox 592 2972 676 3043; x_wconf 67' lang='lat' dir='ltr'>aaa-i</span> 
     </span>
    </p>
   </div>
   <div class='ocr_carea' id='block_1_4' title="bbox 455 3054 1472 3285">
    <p class='ocr_par' dir='ltr' id='par_1_4' title="bbox 455 3054 1472 3285">
     <span class='ocr_line' id='line_1_8' title="bbox 497 3054 1470 3203; baseline -0.034 -6"><span class='ocrx_word' id='word_1_52' title='bbox 497 3137 537 3197; x_wconf 85' lang='lat' dir='ltr'>At</span> <span class='ocrx_word' id='word_1_53' title='bbox 557 3155 639 3203; x_wconf 73' lang='lat' dir='ltr'>vero,</span> <span class='ocrx_word' id='word_1_54' title='bbox 660 3151 721 3191; x_wconf 89' lang='lat' dir='ltr'>cum</span> <span class='ocrx_word' id='word_1_55' title='bbox 742 3131 790 3201; x_wconf 63' lang='lat' dir='ltr'>hec</span> <span class='ocrx_word' id='word_1_56' title='bbox 810 3126 890 3203; x_wconf 83' lang='lat' dir='ltr'>plaga</span> <span class='ocrx_word' id='word_1_57' title='bbox 907 3061 964 3181; x_wconf 77' lang='lat' dir='ltr'>norl</span> <span class='ocrx_word' id='word_1_58' title='bbox 972 3054 1060 3178; x_wconf 52' lang='lat' dir='ltr'>3saldile</span> <span class='ocrx_word' id='word_1_59' title='bbox 1081 3119 1175 3184; x_wconf 79' lang='lat' dir='ltr'>coire,</span> <span class='ocrx_word' id='word_1_60' title='bbox 1195 3119 1221 3172; x_wconf 89' lang='lat'>&amp;</span> <span class='ocrx_word' id='word_1_61' title='bbox 1242 3110 1406 3189; x_wconf 65' lang='lat' dir='ltr'>sepeulcm,</span> <span class='ocrx_word' id='word_1_62' title='bbox 1427 3108 1470 3165; x_wconf 89' lang='lat' dir='ltr'>vel</span> 
     </span>
     <span class='ocr_line' id='line_1_9' title="bbox 455 3192 1472 3285; baseline -0.034 -7"><span class='ocrx_word' id='word_1_63' title='bbox 455 3218 564 3285; x_wconf 71' lang='lat' dir='ltr'>fillum,</span> <span class='ocrx_word' id='word_1_64' title='bbox 585 3235 688 3274; x_wconf 85' lang='lat' dir='ltr'>manere</span> <span class='ocrx_word' id='word_1_65' title='bbox 706 3210 811 3275; x_wconf 75' lang='lat' dir='ltr'>soleat,</span> <span class='ocrx_word' id='word_1_66' title='bbox 832 3223 981 3283; x_wconf 86' lang='lat' dir='ltr'>perquam</span> <span class='ocrx_word' id='word_1_67' title='bbox 1002 3202 1100 3257; x_wconf 88' lang='lat' dir='ltr'>humor</span> <span class='ocrx_word' id='word_1_68' title='bbox 1121 3198 1255 3263; x_wconf 73' lang='lat' dir='ltr'>destillat,</span> <span class='ocrx_word' id='word_1_69' title='bbox 1277 3192 1387 3269; x_wconf 87' lang='lat' dir='ltr'>quidam</span> <span class='ocrx_word' id='word_1_70' title='bbox 1406 3210 1472 3256; x_wconf 78' lang='lat' dir='ltr'>acu,</span> 
     </span>
    </p>
   </div>
   <div class='ocr_carea' id='block_1_5' title="bbox 456 3273 1485 5636">
    <p class='ocr_par' dir='ltr' id='par_1_5' title="bbox 456 3273 1475 3865">
     <span class='ocr_line' id='line_1_10' title="bbox 457 3273 1472 3361; baseline -0.033 -2"><span class='ocrx_word' id='word_1_71' title='bbox 457 3300 503 3359; x_wconf 88' lang='lat' dir='ltr'>seu</span> <span class='ocrx_word' id='word_1_72' title='bbox 524 3300 705 3361; x_wconf 80' lang='lat' dir='ltr'>ferramento,</span> <span class='ocrx_word' id='word_1_73' title='bbox 727 3308 857 3354; x_wconf 78' lang='lat' dir='ltr'>utuntur,</span> <span class='ocrx_word' id='word_1_74' title='bbox 877 3290 902 3343; x_wconf 85' lang='lat' dir='ltr'>ei</span> <span class='ocrx_word' id='word_1_75' title='bbox 919 3286 1013 3349; x_wconf 80' lang='lat' dir='ltr'>simili,</span> <span class='ocrx_word' id='word_1_76' title='bbox 1033 3300 1089 3359; x_wconf 86' lang='lat' dir='ltr'>quo</span> <span class='ocrx_word' id='word_1_77' title='bbox 1099 3299 1171 3356; x_wconf 85' lang='lat' dir='ltr'>aqua</span> <span class='ocrx_word' id='word_1_78' title='bbox 1192 3276 1348 3353; x_wconf 82' lang='lat' dir='ltr'>hydropicis</span> <span class='ocrx_word' id='word_1_79' title='bbox 1369 3273 1472 3328; x_wconf 89' lang='lat' dir='ltr'>emitti-</span> 
     </span>
     <span class='ocr_line' id='line_1_11' title="bbox 457 3353 1473 3451; baseline -0.031 -12"><span class='ocrx_word' id='word_1_80' title='bbox 457 3400 520 3449; x_wconf 77' lang='lat' dir='ltr'>tur,</span> <span class='ocrx_word' id='word_1_81' title='bbox 543 3382 650 3451; x_wconf 78' lang='lat'>(756-)</span> <span class='ocrx_word' id='word_1_82' title='bbox 671 3373 745 3451; x_wconf 91' lang='lat' dir='ltr'>quod</span> <span class='ocrx_word' id='word_1_83' title='bbox 765 3388 876 3427; x_wconf 85' lang='lat' dir='ltr'>acutum</span> <span class='ocrx_word' id='word_1_84' title='bbox 896 3366 1012 3423; x_wconf 85' lang='lat' dir='ltr'>fistulam</span> <span class='ocrx_word' id='word_1_85' title='bbox 1030 3402 1040 3430; x_wconf 76' lang='lat'>‚</span> <span class='ocrx_word' id='word_1_86' title='bbox 1060 3382 1093 3418; x_wconf 84' lang='lat' dir='ltr'>ex</span> <span class='ocrx_word' id='word_1_87' title='bbox 1115 3378 1224 3436; x_wconf 87' lang='lat' dir='ltr'>argento</span> <span class='ocrx_word' id='word_1_88' title='bbox 1245 3353 1345 3412; x_wconf 84' lang='lat' dir='ltr'>affabre</span> <span class='ocrx_word' id='word_1_89' title='bbox 1367 3371 1473 3409; x_wconf 84' lang='lat' dir='ltr'>accom-</span> 
     </span>
     <span class='ocr_line' id='line_1_12' title="bbox 456 3437 1473 3525; baseline -0.03 -4"><span class='ocrx_word' id='word_1_90' title='bbox 456 3462 595 3521; x_wconf 87' lang='lat' dir='ltr'>modatam</span> <span class='ocrx_word' id='word_1_91' title='bbox 616 3457 698 3515; x_wconf 86' lang='lat' dir='ltr'>habet</span> <span class='ocrx_word' id='word_1_92' title='bbox 716 3452 886 3525; x_wconf 68' lang='lat' dir='ltr'>(atoma).</span> <span class='ocrx_word' id='word_1_93' title='bbox 907 3443 1017 3505; x_wconf 83' lang='lat' dir='ltr'>Necesse</span> <span class='ocrx_word' id='word_1_94' title='bbox 1028 3462 1093 3501; x_wconf 76' lang='lat' dir='ltr'>vero</span> <span class='ocrx_word' id='word_1_95' title='bbox 1114 3442 1168 3509; x_wconf 74' lang='lat' dir='ltr'>est,</span> <span class='ocrx_word' id='word_1_96' title='bbox 1189 3457 1218 3497; x_wconf 89' lang='lat' dir='ltr'>ut</span> <span class='ocrx_word' id='word_1_97' title='bbox 1240 3437 1430 3494; x_wconf 83' lang='lat' dir='ltr'>ferramentum</span> <span class='ocrx_word' id='word_1_98' title='bbox 1447 3438 1473 3490; x_wconf 74' lang='grc' dir='ltr'>δι</span> 
     </span>
     <span class='ocr_line' id='line_1_13' title="bbox 459 3517 1474 3618; baseline -0.033 -17"><span class='ocrx_word' id='word_1_99' title='bbox 459 3545 565 3618; x_wconf 81' lang='lat' dir='ltr'>longius</span> <span class='ocrx_word' id='word_1_100' title='bbox 586 3539 616 3595; x_wconf 77' lang='lat' dir='ltr'>sat</span> <span class='ocrx_word' id='word_1_101' title='bbox 637 3544 663 3594; x_wconf 76' lang='lat' dir='ltr'>dc</span> <span class='ocrx_word' id='word_1_102' title='bbox 684 3536 765 3612; x_wconf 86' lang='lat' dir='ltr'>paulo</span> <span class='ocrx_word' id='word_1_103' title='bbox 785 3533 914 3607; x_wconf 83' lang='lat' dir='ltr'>plenius.</span> <span class='ocrx_word' id='word_1_104' title='bbox 944 3529 977 3583; x_wconf 90' lang='lat' dir='ltr'>Id</span> <span class='ocrx_word' id='word_1_105' title='bbox 997 3544 1062 3583; x_wconf 79' lang='lat' dir='ltr'>uero</span> <span class='ocrx_word' id='word_1_106' title='bbox 1084 3526 1137 3578; x_wconf 82' lang='lat' dir='ltr'>alia</span> <span class='ocrx_word' id='word_1_107' title='bbox 1158 3527 1236 3578; x_wconf 89' lang='lat' dir='ltr'>&amp;ea</span> <span class='ocrx_word' id='word_1_108' title='bbox 1257 3535 1332 3593; x_wconf 86' lang='lat' dir='ltr'>parte</span> <span class='ocrx_word' id='word_1_109' title='bbox 1352 3517 1474 3571; x_wconf 85' lang='lat' dir='ltr'>demitti-</span> 
     </span>
     <span class='ocr_line' id='line_1_14' title="bbox 459 3599 1474 3699; baseline -0.03 -17"><span class='ocrx_word' id='word_1_110' title='bbox 459 3644 524 3690; x_wconf 76' lang='lat' dir='ltr'>tur,</span> <span class='ocrx_word' id='word_1_111' title='bbox 544 3641 600 3699; x_wconf 89' lang='lat' dir='ltr'>qua</span> <span class='ocrx_word' id='word_1_112' title='bbox 619 3620 705 3677; x_wconf 68' lang='lat' dir='ltr'>vetita</span> <span class='ocrx_word' id='word_1_113' title='bbox 725 3617 842 3690; x_wconf 85' lang='lat' dir='ltr'>aperitur</span> <span class='ocrx_word' id='word_1_114' title='bbox 864 3613 980 3675; x_wconf 78' lang='lat' dir='ltr'>abiis,</span> <span class='ocrx_word' id='word_1_115' title='bbox 1000 3608 1051 3682; x_wconf 90' lang='lat' dir='ltr'>qui</span> <span class='ocrx_word' id='word_1_116' title='bbox 1075 3604 1206 3676; x_wconf 79' lang='lat' dir='ltr'>calculum</span> <span class='ocrx_word' id='word_1_117' title='bbox 1228 3599 1343 3656; x_wconf 65' lang='lat' dir='ltr'>sessione</span> <span class='ocrx_word' id='word_1_118' title='bbox 1361 3638 1370 3663; x_wconf 59' lang='lat'>2</span> <span class='ocrx_word' id='word_1_119' title='bbox 1390 3615 1474 3673; x_wconf 88' lang='lat' dir='ltr'>quam</span> 
     </span>
     <span class='ocr_line' id='line_1_15' title="bbox 461 3677 1475 3770; baseline -0.03 -8"><span class='ocrx_word' id='word_1_120' title='bbox 461 3705 599 3763; x_wconf 85' lang='lat' dir='ltr'>lateralem</span> <span class='ocrx_word' id='word_1_121' title='bbox 619 3715 734 3762; x_wconf 82' lang='lat' dir='ltr'>vocant,</span> <span class='ocrx_word' id='word_1_122' title='bbox 755 3712 876 3770; x_wconf 79' lang='lat' dir='ltr'>promere</span> <span class='ocrx_word' id='word_1_123' title='bbox 893 3688 1001 3753; x_wconf 71' lang='lat' dir='ltr'>solent&gt;</span> <span class='ocrx_word' id='word_1_124' title='bbox 1023 3687 1070 3762; x_wconf 89' lang='lat' dir='ltr'>qui</span> <span class='ocrx_word' id='word_1_125' title='bbox 1088 3685 1266 3760; x_wconf 83' lang='lat' dir='ltr'>opportunior</span> <span class='ocrx_word' id='word_1_126' title='bbox 1283 3677 1332 3737; x_wconf 87' lang='lat' dir='ltr'>else</span> <span class='ocrx_word' id='word_1_127' title='bbox 1348 3678 1475 3745; x_wconf 76' lang='lat' dir='ltr'>videtur,</span> 
     </span>
     <span class='ocr_line' id='line_1_16' title="bbox 460 3762 1303 3865; baseline -0.033 -21"><span class='ocrx_word' id='word_1_128' title='bbox 460 3787 537 3865; x_wconf 87' lang='lat' dir='ltr'>quod</span> <span class='ocrx_word' id='word_1_129' title='bbox 554 3782 631 3859; x_wconf 82' lang='lat' dir='ltr'>plaga</span> <span class='ocrx_word' id='word_1_130' title='bbox 650 3780 756 3835; x_wconf 87' lang='lat' dir='ltr'>facilius</span> <span class='ocrx_word' id='word_1_131' title='bbox 772 3771 883 3830; x_wconf 79' lang='lat' dir='ltr'>sanescit</span> <span class='ocrx_word' id='word_1_132' title='bbox 896 3793 927 3837; x_wconf 83' lang='lat' dir='ltr'>a,</span> <span class='ocrx_word' id='word_1_133' title='bbox 948 3787 1029 3844; x_wconf 85' lang='lat' dir='ltr'>quem</span> <span class='ocrx_word' id='word_1_134' title='bbox 1049 3765 1120 3820; x_wconf 81' lang='lat' dir='ltr'>infra</span> <span class='ocrx_word' id='word_1_135' title='bbox 1138 3762 1303 3820; x_wconf 82' lang='lat' dir='ltr'>describam.</span> 
     </span>
    </p>

    <p class='ocr_par' dir='ltr' id='par_1_6' title="bbox 489 3876 1476 3955">
     <span class='ocr_line' id='line_1_17' title="bbox 489 3876 1476 3955; baseline -0.022 -8"><span class='ocrx_word' id='word_1_136' title='bbox 489 3918 504 3946; x_wconf 84' lang='lat' dir='ltr'>a</span> <span class='ocrx_word' id='word_1_137' title='bbox 520 3904 552 3946; x_wconf 90' lang='lat' dir='ltr'>Ut</span> <span class='ocrx_word' id='word_1_138' title='bbox 568 3900 588 3943; x_wconf 87' lang='lat' dir='ltr'>is</span> <span class='ocrx_word' id='word_1_139' title='bbox 603 3934 618 3955; x_wconf 71' lang='lat'>„</span> <span class='ocrx_word' id='word_1_140' title='bbox 634 3895 676 3953; x_wconf 86' lang='lat' dir='ltr'>qui</span> <span class='ocrx_word' id='word_1_141' title='bbox 691 3902 809 3941; x_wconf 85' lang='lat' dir='ltr'>curaturus</span> <span class='ocrx_word' id='word_1_142' title='bbox 823 3890 857 3937; x_wconf 83' lang='lat' dir='ltr'>esi</span> <span class='ocrx_word' id='word_1_143' title='bbox 874 3924 881 3946; x_wconf 85' lang='lat'>,</span> <span class='ocrx_word' id='word_1_144' title='bbox 905 3886 962 3935; x_wconf 86' lang='lat' dir='ltr'>scire</span> <span class='ocrx_word' id='word_1_145' title='bbox 977 3884 1061 3942; x_wconf 80' lang='lat' dir='ltr'>poffit‚</span> <span class='ocrx_word' id='word_1_146' title='bbox 1081 3897 1140 3930; x_wconf 86' lang='lat' dir='ltr'>num</span> <span class='ocrx_word' id='word_1_147' title='bbox 1154 3882 1319 3929; x_wconf 86' lang='lat' dir='ltr'>ferramentum</span> <span class='ocrx_word' id='word_1_148' title='bbox 1334 3878 1360 3924; x_wconf 89' lang='lat' dir='ltr'>in</span> <span class='ocrx_word' id='word_1_149' title='bbox 1375 3876 1476 3925; x_wconf 70' lang='lat' dir='ltr'>vescam</span> 
     </span>
    </p>

    <p class='ocr_par' dir='ltr' id='par_1_7' title="bbox 491 3936 1474 4013">
     <span class='ocr_line' id='line_1_18' title="bbox 491 3936 1474 4013; baseline -0.025 -7"><span class='ocrx_word' id='word_1_150' title='bbox 491 3958 610 4013; x_wconf 86' lang='lat' dir='ltr'>rvenerit,</span> <span class='ocrx_word' id='word_1_151' title='bbox 627 3963 764 3999; x_wconf 71' lang='lat' dir='ltr'>Dentatus</span> <span class='ocrx_word' id='word_1_152' title='bbox 779 3956 803 3996; x_wconf 80' lang='lat' dir='ltr'>in</span> <span class='ocrx_word' id='word_1_153' title='bbox 817 3947 904 4007; x_wconf 80' lang='lat' dir='ltr'>obsera.</span> <span class='ocrx_word' id='word_1_154' title='bbox 919 3945 1016 4000; x_wconf 73' lang='lat' dir='ltr'>chirurg.</span> <span class='ocrx_word' id='word_1_155' title='bbox 1033 3942 1059 3987; x_wconf 79' lang='lat' dir='ltr'>de</span> <span class='ocrx_word' id='word_1_156' title='bbox 1071 3942 1151 3987; x_wconf 77' lang='lat' dir='ltr'>calculo</span> <span class='ocrx_word' id='word_1_157' title='bbox 1164 3942 1216 3987; x_wconf 80' lang='lat' dir='ltr'>Tab.</span> <span class='ocrx_word' id='word_1_158' title='bbox 1227 3942 1272 3982; x_wconf 76' lang='lat' dir='ltr'>XI.</span> <span class='ocrx_word' id='word_1_159' title='bbox 1289 3936 1348 3983; x_wconf 83' lang='lat' dir='ltr'>illud</span> <span class='ocrx_word' id='word_1_160' title='bbox 1364 3937 1474 3993; x_wconf 81' lang='lat' dir='ltr'>mutavit,</span> 
     </span>
    </p>

    <p class='ocr_par' dir='ltr' id='par_1_8' title="bbox 462 3995 1477 4403">
     <span class='ocr_line' id='line_1_19' title="bbox 503 3995 1476 4067; baseline -0.022 -6"><span class='ocrx_word' id='word_1_161' title='bbox 503 4018 536 4063; x_wconf 83' lang='lat' dir='ltr'>ita</span> <span class='ocrx_word' id='word_1_162' title='bbox 551 4011 747 4067; x_wconf 78' lang='lat' dir='ltr'>accommodavit,</span> <span class='ocrx_word' id='word_1_163' title='bbox 762 4021 788 4054; x_wconf 90' lang='lat' dir='ltr'>ut</span> <span class='ocrx_word' id='word_1_164' title='bbox 804 4006 975 4065; x_wconf 81' lang='lat' dir='ltr'>quamprimum</span> <span class='ocrx_word' id='word_1_165' title='bbox 991 3999 1065 4058; x_wconf 85' lang='lat' dir='ltr'>cuspis</span> <span class='ocrx_word' id='word_1_166' title='bbox 1080 4001 1106 4046; x_wconf 89' lang='lat' dir='ltr'>in</span> <span class='ocrx_word' id='word_1_167' title='bbox 1121 4000 1222 4047; x_wconf 77' lang='lat' dir='ltr'>vesicam</span> <span class='ocrx_word' id='word_1_168' title='bbox 1238 3995 1383 4055; x_wconf 79' lang='lat' dir='ltr'>penetravit,</span> <span class='ocrx_word' id='word_1_169' title='bbox 1400 4010 1440 4051; x_wconf 88' lang='lat' dir='ltr'>per</span> <span class='ocrx_word' id='word_1_170' title='bbox 1448 3995 1476 4040; x_wconf 88' lang='lat' dir='ltr'>fi-</span> 
     </span>
     <span class='ocr_line' id='line_1_20' title="bbox 462 4052 1477 4131; baseline -0.024 -9"><span class='ocrx_word' id='word_1_171' title='bbox 462 4076 548 4123; x_wconf 83' lang='lat' dir='ltr'>stulam</span> <span class='ocrx_word' id='word_1_172' title='bbox 561 4085 691 4131; x_wconf 85' lang='lat' dir='ltr'>argenteam</span> <span class='ocrx_word' id='word_1_173' title='bbox 707 4105 715 4126; x_wconf 79' lang='lat'>,</span> <span class='ocrx_word' id='word_1_174' title='bbox 739 4083 789 4125; x_wconf 79' lang='lat' dir='ltr'>quaa</span> <span class='ocrx_word' id='word_1_175' title='bbox 805 4066 869 4123; x_wconf 85' lang='lat' dir='ltr'>plura</span> <span class='ocrx_word' id='word_1_176' title='bbox 885 4065 909 4110; x_wconf 88' lang='lat' dir='ltr'>in</span> <span class='ocrx_word' id='word_1_177' title='bbox 925 4063 1027 4119; x_wconf 85' lang='lat' dir='ltr'>suprema</span> <span class='ocrx_word' id='word_1_178' title='bbox 1042 4058 1066 4105; x_wconf 90' lang='lat'>&amp;</span> <span class='ocrx_word' id='word_1_179' title='bbox 1083 4058 1165 4104; x_wconf 82' lang='lat' dir='ltr'>infima</span> <span class='ocrx_word' id='word_1_180' title='bbox 1180 4070 1242 4115; x_wconf 89' lang='lat' dir='ltr'>parte</span> <span class='ocrx_word' id='word_1_181' title='bbox 1258 4054 1368 4101; x_wconf 83' lang='lat' dir='ltr'>foramina</span> <span class='ocrx_word' id='word_1_182' title='bbox 1384 4052 1452 4099; x_wconf 86' lang='lat' dir='ltr'>habet</span> <span class='ocrx_word' id='word_1_183' title='bbox 1468 4088 1477 4111; x_wconf 88' lang='lat'>,</span> 
     </span>
     <span class='ocr_line' id='line_1_21' title="bbox 462 4112 1477 4182; baseline -0.024 -1"><span class='ocrx_word' id='word_1_184' title='bbox 462 4136 529 4182; x_wconf 75' lang='lat' dir='ltr'>urina</span> <span class='ocrx_word' id='word_1_185' title='bbox 545 4133 664 4178; x_wconf 83' lang='lat' dir='ltr'>efferatur.</span> <span class='ocrx_word' id='word_1_186' title='bbox 681 4128 731 4174; x_wconf 83' lang='lat' dir='ltr'>Alii</span> <span class='ocrx_word' id='word_1_187' title='bbox 745 4127 898 4179; x_wconf 66' lang='lat' dir='ltr'>ferrattrento,⁴</span> <span class='ocrx_word' id='word_1_188' title='bbox 913 4122 953 4168; x_wconf 85' lang='lat' dir='ltr'>seu</span> <span class='ocrx_word' id='word_1_189' title='bbox 967 4134 1009 4167; x_wconf 88' lang='lat' dir='ltr'>acu</span> <span class='ocrx_word' id='word_1_190' title='bbox 1024 4130 1121 4165; x_wconf 87' lang='lat' dir='ltr'>utuntur</span> <span class='ocrx_word' id='word_1_191' title='bbox 1136 4152 1144 4173; x_wconf 86' lang='lat'>,</span> <span class='ocrx_word' id='word_1_192' title='bbox 1159 4119 1224 4169; x_wconf 84' lang='lat' dir='ltr'>cujus</span> <span class='ocrx_word' id='word_1_193' title='bbox 1239 4113 1316 4159; x_wconf 83' lang='lat' dir='ltr'>fistula</span> <span class='ocrx_word' id='word_1_194' title='bbox 1331 4112 1421 4158; x_wconf 84' lang='lat' dir='ltr'>sulcum</span> <span class='ocrx_word' id='word_1_195' title='bbox 1436 4112 1477 4157; x_wconf 91' lang='lat' dir='ltr'>ha-</span> 
     </span>
     <span class='ocr_line' id='line_1_22' title="bbox 463 4170 1477 4241; baseline -0.023 -2"><span class='ocrx_word' id='word_1_196' title='bbox 463 4194 518 4240; x_wconf 77' lang='lat' dir='ltr'>bet.</span> <span class='ocrx_word' id='word_1_197' title='bbox 534 4195 597 4237; x_wconf 88' lang='lat' dir='ltr'>Nam</span> <span class='ocrx_word' id='word_1_198' title='bbox 612 4186 729 4233; x_wconf 86' lang='lat' dir='ltr'>interdum</span> <span class='ocrx_word' id='word_1_199' title='bbox 744 4184 808 4241; x_wconf 79' lang='lat' dir='ltr'>plaga</span> <span class='ocrx_word' id='word_1_200' title='bbox 823 4181 953 4237; x_wconf 85' lang='lat' dir='ltr'>amplianda</span> <span class='ocrx_word' id='word_1_201' title='bbox 968 4177 1018 4233; x_wconf 82' lang='lat' dir='ltr'>est,</span> <span class='ocrx_word' id='word_1_202' title='bbox 1033 4177 1057 4223; x_wconf 93' lang='lat'>&amp;</span> <span class='ocrx_word' id='word_1_203' title='bbox 1072 4189 1130 4221; x_wconf 89' lang='lat' dir='ltr'>tunc</span> <span class='ocrx_word' id='word_1_204' title='bbox 1145 4175 1211 4233; x_wconf 87' lang='lat' dir='ltr'>super</span> <span class='ocrx_word' id='word_1_205' title='bbox 1225 4172 1294 4218; x_wconf 86' lang='lat' dir='ltr'>illurn</span> <span class='ocrx_word' id='word_1_206' title='bbox 1309 4170 1399 4218; x_wconf 78' lang='lat' dir='ltr'>sulcum</span> <span class='ocrx_word' id='word_1_207' title='bbox 1415 4185 1477 4219; x_wconf 88' lang='lat' dir='ltr'>com-</span> 
     </span>
     <span class='ocr_line' id='line_1_23' title="bbox 464 4233 1365 4305; baseline -0.029 -5"><span class='ocrx_word' id='word_1_208' title='bbox 464 4250 532 4299; x_wconf 82' lang='lat' dir='ltr'>mode</span> <span class='ocrx_word' id='word_1_209' title='bbox 548 4245 667 4305; x_wconf 86' lang='lat' dir='ltr'>scalpellus</span> <span class='ocrx_word' id='word_1_210' title='bbox 682 4240 813 4291; x_wconf 86' lang='lat' dir='ltr'>demitti&amp;</span> <span class='ocrx_word' id='word_1_211' title='bbox 829 4239 915 4286; x_wconf 83' lang='lat' dir='ltr'>vulnus</span> <span class='ocrx_word' id='word_1_212' title='bbox 930 4236 1003 4284; x_wconf 82' lang='lat' dir='ltr'>incidi</span> <span class='ocrx_word' id='word_1_213' title='bbox 1020 4234 1106 4293; x_wconf 84' lang='lat' dir='ltr'>potest,</span> <span class='ocrx_word' id='word_1_214' title='bbox 1121 4233 1193 4281; x_wconf 84' lang='lat' dir='ltr'>donec</span> <span class='ocrx_word' id='word_1_215' title='bbox 1210 4233 1262 4279; x_wconf 89' lang='lat' dir='ltr'>satis</span> <span class='ocrx_word' id='word_1_216' title='bbox 1277 4240 1365 4289; x_wconf 88' lang='lat' dir='ltr'>pateat.</span> 
     </span>
     <span class='ocr_line' id='line_1_24' title="bbox 465 4332 1048 4403; baseline -0.015 7"><span class='ocrx_word' id='word_1_217' title='bbox 465 4383 467 4385; x_wconf 54' lang='lat'>&gt;</span> <span class='ocrx_word' id='word_1_218' title='bbox 914 4342 939 4400; x_wconf 74' lang='lat' dir='ltr'>s·</span> <span class='ocrx_word' id='word_1_219' title='bbox 963 4332 1048 4403; x_wconf 71' lang='lat'>1348·</span> 
     </span>
    </p>

    <p class='ocr_par' dir='ltr' id='par_1_9' title="bbox 465 4404 1485 5636">
     <span class='ocr_line' id='line_1_25' title="bbox 508 4404 1480 4497; baseline -0.019 -18"><span class='ocrx_word' id='word_1_220' title='bbox 508 4425 650 4497; x_wconf 80' lang='lat' dir='ltr'>Postquam</span> <span class='ocrx_word' id='word_1_221' title='bbox 672 4435 760 4474; x_wconf 84' lang='lat' dir='ltr'>autem</span> <span class='ocrx_word' id='word_1_222' title='bbox 781 4431 844 4471; x_wconf 91' lang='lat' dir='ltr'>ante</span> <span class='ocrx_word' id='word_1_223' title='bbox 864 4416 969 4491; x_wconf 89' lang='lat' dir='ltr'>aliquot</span> <span class='ocrx_word' id='word_1_224' title='bbox 990 4430 1074 4467; x_wconf 87' lang='lat' dir='ltr'>annos</span> <span class='ocrx_word' id='word_1_225' title='bbox 1092 4450 1100 4477; x_wconf 75' lang='grc'>,</span> <span class='ocrx_word' id='word_1_226' title='bbox 1131 4410 1241 4485; x_wconf 83' lang='lat' dir='ltr'>quidam</span> <span class='ocrx_word' id='word_1_227' title='bbox 1270 4404 1347 4482; x_wconf 87' lang='lat' dir='ltr'>supra</span> <span class='ocrx_word' id='word_1_228' title='bbox 1367 4407 1480 4479; x_wconf 61' lang='lat' dir='ltr'>pectinis</span> 
     </span>
     <span class='ocr_line' id='line_1_26' title="bbox 466 4488 1480 4571; baseline -0.022 -8"><span class='ocrx_word' id='word_1_229' title='bbox 466 4500 541 4571; x_wconf 77' lang='lat' dir='ltr'>ossa,</span> <span class='ocrx_word' id='word_1_230' title='bbox 561 4501 672 4559; x_wconf 83' lang='lat' dir='ltr'>vrficam</span> <span class='ocrx_word' id='word_1_231' title='bbox 694 4498 829 4563; x_wconf 76' lang='lat' dir='ltr'>incidere,</span> <span class='ocrx_word' id='word_1_232' title='bbox 851 4501 877 4553; x_wconf 76' lang='lat' dir='ltr'>dr</span> <span class='ocrx_word' id='word_1_233' title='bbox 894 4492 1026 4551; x_wconf 82' lang='lat' dir='ltr'>calculum</span> <span class='ocrx_word' id='word_1_234' title='bbox 1046 4509 1079 4547; x_wconf 87' lang='lat' dir='ltr'>ea</span> <span class='ocrx_word' id='word_1_235' title='bbox 1101 4493 1225 4554; x_wconf 75' lang='lat' dir='ltr'>ratione,</span> <span class='ocrx_word' id='word_1_236' title='bbox 1247 4507 1328 4563; x_wconf 87' lang='lat' dir='ltr'>quam</span> <span class='ocrx_word' id='word_1_237' title='bbox 1348 4488 1414 4543; x_wconf 89' lang='lat' dir='ltr'>olim</span> <span class='ocrx_word' id='word_1_238' title='bbox 1436 4508 1480 4543; x_wconf 76' lang='lat' dir='ltr'>rr-</span> 
     </span>
     <span class='ocr_line' id='line_1_27' title="bbox 465 4569 1481 4655; baseline -0.02 -13"><span class='ocrx_word' id='word_1_239' title='bbox 465 4606 541 4642; x_wconf 76' lang='lat' dir='ltr'>rans</span> <span class='ocrx_word' id='word_1_240' title='bbox 565 4600 694 4640; x_wconf 70' lang='lat' dir='ltr'>rasurus</span> <span class='ocrx_word' id='word_1_241' title='bbox 714 4575 910 4655; x_wconf 74' lang='lat' dir='ltr'>proposuerat,</span> <span class='ocrx_word' id='word_1_242' title='bbox 931 4575 1048 4632; x_wconf 70' lang='lat' dir='ltr'>eximere</span> <span class='ocrx_word' id='word_1_243' title='bbox 1068 4573 1167 4629; x_wconf 87' lang='lat' dir='ltr'>iterum</span> <span class='ocrx_word' id='word_1_244' title='bbox 1187 4569 1374 4634; x_wconf 80' lang='lat' dir='ltr'>instituerunt,</span> <span class='ocrx_word' id='word_1_245' title='bbox 1394 4569 1481 4643; x_wconf 87' lang='lat' dir='ltr'>pluri-</span> 
     </span>
     <span class='ocr_line' id='line_1_28' title="bbox 465 4648 1481 4733; baseline -0.019 -10"><span class='ocrx_word' id='word_1_246' title='bbox 465 4667 519 4723; x_wconf 88' lang='lat' dir='ltr'>bus</span> <span class='ocrx_word' id='word_1_247' title='bbox 540 4665 586 4721; x_wconf 90' lang='lat' dir='ltr'>ille</span> <span class='ocrx_word' id='word_1_248' title='bbox 614 4663 688 4719; x_wconf 86' lang='lat' dir='ltr'>locus</span> <span class='ocrx_word' id='word_1_249' title='bbox 717 4662 810 4717; x_wconf 86' lang='lat' dir='ltr'>ceteris</span> <span class='ocrx_word' id='word_1_250' title='bbox 840 4659 928 4733; x_wconf 86' lang='lat' dir='ltr'>aptior</span> <span class='ocrx_word' id='word_1_251' title='bbox 948 4651 1022 4713; x_wconf 86' lang='lat' dir='ltr'>visus</span> <span class='ocrx_word' id='word_1_252' title='bbox 1052 4651 1131 4719; x_wconf 81' lang='lat' dir='ltr'>suit,</span> <span class='ocrx_word' id='word_1_253' title='bbox 1159 4653 1206 4729; x_wconf 91' lang='lat' dir='ltr'>qui</span> <span class='ocrx_word' id='word_1_254' title='bbox 1228 4648 1419 4706; x_wconf 84' lang='lat' dir='ltr'>ferramentum</span> <span class='ocrx_word' id='word_1_255' title='bbox 1440 4650 1481 4704; x_wconf 82' lang='lat' dir='ltr'>illi</span> 
     </span>
     <span class='ocr_line' id='line_1_29' title="bbox 466 4728 1482 4823; baseline -0.019 -19"><span class='ocrx_word' id='word_1_256' title='bbox 466 4743 577 4823; x_wconf 87' lang='lat' dir='ltr'>prorsus</span> <span class='ocrx_word' id='word_1_257' title='bbox 598 4740 696 4808; x_wconf 74' lang='lat' dir='ltr'>simile,</span> <span class='ocrx_word' id='word_1_258' title='bbox 716 4759 850 4818; x_wconf 84' lang='lat' dir='ltr'>quoaqua</span> <span class='ocrx_word' id='word_1_259' title='bbox 872 4738 1030 4815; x_wconf 85' lang='lat' dir='ltr'>hydropicis</span> <span class='ocrx_word' id='word_1_260' title='bbox 1046 4751 1193 4801; x_wconf 85' lang='lat' dir='ltr'>evocatur,</span> <span class='ocrx_word' id='word_1_261' title='bbox 1214 4729 1295 4807; x_wconf 91' lang='lat' dir='ltr'>supra</span> <span class='ocrx_word' id='word_1_262' title='bbox 1315 4728 1482 4806; x_wconf 68' lang='lat' dir='ltr'>pedinisos·</span> 
     </span>
     <span class='ocr_line' id='line_1_30' title="bbox 467 4813 1482 4900; baseline -0.018 -15"><span class='ocrx_word' id='word_1_263' title='bbox 467 4824 515 4895; x_wconf 82' lang='lat' dir='ltr'>sa,</span> <span class='ocrx_word' id='word_1_264' title='bbox 536 4826 646 4900; x_wconf 87' lang='lat' dir='ltr'>oblique</span> <span class='ocrx_word' id='word_1_265' title='bbox 663 4863 673 4890; x_wconf 73' lang='lat'>‚</span> <span class='ocrx_word' id='word_1_266' title='bbox 694 4841 775 4899; x_wconf 86' lang='lat' dir='ltr'>arque</span> <span class='ocrx_word' id='word_1_267' title='bbox 795 4822 883 4878; x_wconf 81' lang='lat' dir='ltr'>vestrae</span> <span class='ocrx_word' id='word_1_268' title='bbox 905 4821 1036 4877; x_wconf 79' lang='lat' dir='ltr'>ceruicem</span> <span class='ocrx_word' id='word_1_269' title='bbox 1057 4813 1151 4873; x_wconf 87' lang='lat' dir='ltr'>versus</span> <span class='ocrx_word' id='word_1_270' title='bbox 1172 4856 1182 4882; x_wconf 71' lang='grc'>,</span> <span class='ocrx_word' id='word_1_271' title='bbox 1202 4814 1373 4870; x_wconf 88' lang='lat' dir='ltr'>demittunt.</span> <span class='ocrx_word' id='word_1_272' title='bbox 1397 4813 1482 4868; x_wconf 70' lang='lat' dir='ltr'>Reda</span> 
     </span>
     <span class='ocr_line' id='line_1_31' title="bbox 468 4892 1483 4978; baseline -0.013 -14"><span class='ocrx_word' id='word_1_273' title='bbox 468 4913 543 4967; x_wconf 89' lang='lat' dir='ltr'>enirn</span> <span class='ocrx_word' id='word_1_274' title='bbox 564 4902 642 4962; x_wconf 90' lang='lat' dir='ltr'>inseri</span> <span class='ocrx_word' id='word_1_275' title='bbox 662 4924 716 4961; x_wconf 89' lang='lat' dir='ltr'>non</span> <span class='ocrx_word' id='word_1_276' title='bbox 736 4904 834 4969; x_wconf 75' lang='lat' dir='ltr'>debet&gt;</span> <span class='ocrx_word' id='word_1_277' title='bbox 855 4922 888 4959; x_wconf 90' lang='lat' dir='ltr'>ne</span> <span class='ocrx_word' id='word_1_278' title='bbox 908 4903 1094 4978; x_wconf 63' lang='lat' dir='ltr'>petitorem,</span> <span class='ocrx_word' id='word_1_279' title='bbox 1114 4892 1326 4973; x_wconf 70' lang='lat' dir='ltr'>quod-supreme</span> <span class='ocrx_word' id='word_1_280' title='bbox 1347 4894 1429 4965; x_wconf 67' lang='lat' dir='ltr'>vestre</span> <span class='ocrx_word' id='word_1_281' title='bbox 1441 4896 1483 4951; x_wconf 87' lang='lat' dir='ltr'>in-</span> 
     </span>
     <span class='ocr_line' id='line_1_32' title="bbox 470 4978 1483 5061; baseline -0.016 -14"><span class='ocrx_word' id='word_1_282' title='bbox 470 4984 586 5061; x_wconf 76' lang='lat' dir='ltr'>herescit</span> <span class='ocrx_word' id='word_1_283' title='bbox 605 5028 613 5054; x_wconf 72' lang='lat'>,</span> <span class='ocrx_word' id='word_1_284' title='bbox 633 4987 837 5043; x_wconf 75' lang='lat' dir='ltr'>convulneratur</span> <span class='ocrx_word' id='word_1_285' title='bbox 856 5028 862 5038; x_wconf 93' lang='lat'>.</span> <span class='ocrx_word' id='word_1_286' title='bbox 884 4984 976 5042; x_wconf 85' lang='lat' dir='ltr'>Etiam</span> <span class='ocrx_word' id='word_1_287' title='bbox 998 5000 1044 5057; x_wconf 89' lang='lat' dir='ltr'>per</span> <span class='ocrx_word' id='word_1_288' title='bbox 1066 4980 1135 5035; x_wconf 87' lang='lat' dir='ltr'>hane</span> <span class='ocrx_word' id='word_1_289' title='bbox 1151 4979 1257 5055; x_wconf 84' lang='lat' dir='ltr'>plagam</span> <span class='ocrx_word' id='word_1_290' title='bbox 1276 4995 1405 5033; x_wconf 87' lang='lat' dir='ltr'>evocatur</span> <span class='ocrx_word' id='word_1_291' title='bbox 1427 4978 1483 5032; x_wconf 86' lang='lat' dir='ltr'>uri-</span> 
     </span>
     <span class='ocr_line' id='line_1_33' title="bbox 469 5056 1484 5133; baseline -0.016 -5"><span class='ocrx_word' id='word_1_292' title='bbox 469 5090 530 5128; x_wconf 87' lang='lat' dir='ltr'>na.</span> <span class='ocrx_word' id='word_1_293' title='bbox 551 5069 624 5125; x_wconf 82' lang='lat' dir='ltr'>Cum</span> <span class='ocrx_word' id='word_1_294' title='bbox 644 5087 707 5125; x_wconf 90' lang='lat' dir='ltr'>vero</span> <span class='ocrx_word' id='word_1_295' title='bbox 728 5066 825 5124; x_wconf 88' lang='lat' dir='ltr'>vulnus</span> <span class='ocrx_word' id='word_1_296' title='bbox 848 5084 901 5122; x_wconf 87' lang='lat' dir='ltr'>non</span> <span class='ocrx_word' id='word_1_297' title='bbox 921 5063 1001 5121; x_wconf 86' lang='lat' dir='ltr'>facile</span> <span class='ocrx_word' id='word_1_298' title='bbox 1022 5058 1156 5126; x_wconf 79' lang='lat' dir='ltr'>sanescat,</span> <span class='ocrx_word' id='word_1_299' title='bbox 1177 5064 1202 5116; x_wconf 75' lang='lat' dir='ltr'>dc</span> <span class='ocrx_word' id='word_1_300' title='bbox 1224 5080 1256 5116; x_wconf 78' lang='lat' dir='ltr'>ex</span> <span class='ocrx_word' id='word_1_301' title='bbox 1278 5060 1378 5125; x_wconf 86' lang='lat' dir='ltr'>urina,</span> <span class='ocrx_word' id='word_1_302' title='bbox 1400 5056 1418 5113; x_wconf 80' lang='lat' dir='ltr'>st</span> <span class='ocrx_word' id='word_1_303' title='bbox 1435 5077 1484 5133; x_wconf 87' lang='lat' dir='ltr'>per</span> 
     </span>
     <span class='ocr_line' id='line_1_34' title="bbox 472 5137 1483 5217; baseline -0.013 -9"><span class='ocrx_word' id='word_1_304' title='bbox 472 5152 501 5208; x_wconf 90' lang='lat' dir='ltr'>id</span> <span class='ocrx_word' id='word_1_305' title='bbox 519 5150 633 5217; x_wconf 82' lang='lat' dir='ltr'>effluit,</span> <span class='ocrx_word' id='word_1_306' title='bbox 653 5150 723 5206; x_wconf 89' lang='lat' dir='ltr'>mala</span> <span class='ocrx_word' id='word_1_307' title='bbox 744 5149 832 5205; x_wconf 89' lang='lat' dir='ltr'>ulcera</span> <span class='ocrx_word' id='word_1_308' title='bbox 854 5148 883 5202; x_wconf 92' lang='lat' dir='ltr'>in</span> <span class='ocrx_word' id='word_1_309' title='bbox 900 5147 991 5207; x_wconf 87' lang='lat' dir='ltr'>tunica</span> <span class='ocrx_word' id='word_1_310' title='bbox 1010 5143 1056 5200; x_wconf 90' lang='lat' dir='ltr'>illa</span> <span class='ocrx_word' id='word_1_311' title='bbox 1074 5140 1198 5199; x_wconf 86' lang='lat' dir='ltr'>cellulosa</span> <span class='ocrx_word' id='word_1_312' title='bbox 1215 5182 1225 5207; x_wconf 79' lang='grc'>,</span> <span class='ocrx_word' id='word_1_313' title='bbox 1245 5159 1297 5216; x_wconf 64' lang='lat' dir='ltr'>que</span> <span class='ocrx_word' id='word_1_314' title='bbox 1314 5137 1362 5196; x_wconf 88' lang='lat' dir='ltr'>sub</span> <span class='ocrx_word' id='word_1_315' title='bbox 1381 5142 1483 5213; x_wconf 68' lang='lat' dir='ltr'>perito÷</span> 
     </span>
     <span class='ocr_line' id='line_1_35' title="bbox 469 5220 1485 5305; baseline -0.014 -15"><span class='ocrx_word' id='word_1_316' title='bbox 469 5252 532 5290; x_wconf 87' lang='lat' dir='ltr'>-naeo</span> <span class='ocrx_word' id='word_1_317' title='bbox 552 5231 607 5298; x_wconf 74' lang='lat' dir='ltr'>est,</span> <span class='ocrx_word' id='word_1_318' title='bbox 626 5228 784 5296; x_wconf 74' lang='lat' dir='ltr'>nascantur,</span> <span class='ocrx_word' id='word_1_319' title='bbox 803 5246 911 5305; x_wconf 89' lang='lat' dir='ltr'>oportet</span> <span class='ocrx_word' id='word_1_320' title='bbox 931 5228 1067 5285; x_wconf 86' lang='lat' dir='ltr'>hominem</span> <span class='ocrx_word' id='word_1_321' title='bbox 1089 5220 1213 5299; x_wconf 89' lang='lat' dir='ltr'>supinum</span> <span class='ocrx_word' id='word_1_322' title='bbox 1233 5221 1344 5279; x_wconf 87' lang='lat' dir='ltr'>cubare.</span> <span class='ocrx_word' id='word_1_323' title='bbox 1368 5223 1420 5276; x_wconf 88' lang='lat' dir='ltr'>Per</span> <span class='ocrx_word' id='word_1_324' title='bbox 1435 5240 1485 5277; x_wconf 80' lang='lat' dir='ltr'>na-</span> 
     </span>
     <span class='ocr_line' id='line_1_36' title="bbox 471 5302 1484 5383; baseline -0.014 -12"><span class='ocrx_word' id='word_1_325' title='bbox 471 5313 559 5371; x_wconf 90' lang='lat' dir='ltr'>turale</span> <span class='ocrx_word' id='word_1_326' title='bbox 572 5329 658 5370; x_wconf 89' lang='lat' dir='ltr'>autem</span> <span class='ocrx_word' id='word_1_327' title='bbox 674 5313 757 5371; x_wconf 84' lang='lat' dir='ltr'>urinae</span> <span class='ocrx_word' id='word_1_328' title='bbox 777 5313 847 5377; x_wconf 77' lang='lat' dir='ltr'>iter,</span> <span class='ocrx_word' id='word_1_329' title='bbox 867 5310 886 5366; x_wconf 84' lang='lat' dir='ltr'>fi</span> <span class='ocrx_word' id='word_1_330' title='bbox 903 5311 932 5367; x_wconf 91' lang='lat' dir='ltr'>id</span> <span class='ocrx_word' id='word_1_331' title='bbox 948 5307 1007 5365; x_wconf 89' lang='lat' dir='ltr'>fieri</span> <span class='ocrx_word' id='word_1_332' title='bbox 1020 5305 1123 5383; x_wconf 72' lang='lat' dir='ltr'>potest,</span> <span class='ocrx_word' id='word_1_333' title='bbox 1144 5307 1172 5361; x_wconf 88' lang='lat' dir='ltr'>in</span> <span class='ocrx_word' id='word_1_334' title='bbox 1192 5304 1304 5361; x_wconf 75' lang='lat' dir='ltr'>vestram</span> <span class='ocrx_word' id='word_1_335' title='bbox 1319 5302 1484 5360; x_wconf 85' lang='lat' dir='ltr'>demittenda</span> 
     </span>
     <span class='ocr_line' id='line_1_37' title="bbox 471 5386 1483 5471; baseline -0.016 -19"><span class='ocrx_word' id='word_1_336' title='bbox 471 5392 681 5461; x_wconf 70' lang='lat' dir='ltr'>estfistula,.ut</span> <span class='ocrx_word' id='word_1_337' title='bbox 698 5394 828 5471; x_wconf 88' lang='lat' dir='ltr'>perhanc</span> <span class='ocrx_word' id='word_1_338' title='bbox 847 5394 923 5449; x_wconf 86' lang='lat' dir='ltr'>urina</span> <span class='ocrx_word' id='word_1_339' title='bbox 943 5406 1020 5447; x_wconf 83' lang='lat' dir='ltr'>exeat</span> <span class='ocrx_word' id='word_1_340' title='bbox 1039 5432 1045 5443; x_wconf 94' lang='lat'>.</span> <span class='ocrx_word' id='word_1_341' title='bbox 1069 5388 1167 5444; x_wconf 87' lang='lat' dir='ltr'>Rarius</span> <span class='ocrx_word' id='word_1_342' title='bbox 1188 5387 1294 5444; x_wconf 88' lang='lat' dir='ltr'>evenire</span> <span class='ocrx_word' id='word_1_343' title='bbox 1313 5386 1432 5460; x_wconf 70' lang='lat' dir='ltr'>poterit,</span> <span class='ocrx_word' id='word_1_344' title='bbox 1453 5400 1483 5437; x_wconf 88' lang='lat' dir='ltr'>ut</span> 
     </span>
     <span class='ocr_line' id='line_1_38' title="bbox 469 5461 1482 5548; baseline -0.012 -17"><span class='ocrx_word' id='word_1_345' title='bbox 469 5480 499 5546; x_wconf 78' lang='lat' dir='ltr'>in</span> <span class='ocrx_word' id='word_1_346' title='bbox 520 5474 621 5533; x_wconf 89' lang='lat' dir='ltr'>femina</span> <span class='ocrx_word' id='word_1_347' title='bbox 638 5478 719 5533; x_wconf 81' lang='lat' dir='ltr'>urina</span> <span class='ocrx_word' id='word_1_348' title='bbox 737 5478 790 5532; x_wconf 87' lang='lat' dir='ltr'>iter</span> <span class='ocrx_word' id='word_1_349' title='bbox 810 5476 850 5531; x_wconf 88' lang='lat' dir='ltr'>ita</span> <span class='ocrx_word' id='word_1_350' title='bbox 871 5469 1042 5548; x_wconf 78' lang='lat' dir='ltr'>interclusum</span> <span class='ocrx_word' id='word_1_351' title='bbox 1058 5470 1104 5538; x_wconf 75' lang='lat' dir='ltr'>fit,</span> <span class='ocrx_word' id='word_1_352' title='bbox 1126 5485 1225 5545; x_wconf 78' lang='lat' dir='ltr'>atque,</span> <span class='ocrx_word' id='word_1_353' title='bbox 1246 5468 1275 5524; x_wconf 90' lang='lat' dir='ltr'>id</span> <span class='ocrx_word' id='word_1_354' title='bbox 1295 5466 1371 5542; x_wconf 86' lang='lat' dir='ltr'>quod</span> <span class='ocrx_word' id='word_1_355' title='bbox 1391 5461 1418 5520; x_wconf 89' lang='lat' dir='ltr'>se</span> <span class='ocrx_word' id='word_1_356' title='bbox 1434 5483 1482 5539; x_wconf 87' lang='lat' dir='ltr'>op-</span> 
     </span>
     <span class='ocr_line' id='line_1_39' title="bbox 470 5548 1483 5636; baseline -0.013 -21"><span class='ocrx_word' id='word_1_357' title='bbox 470 5555 582 5631; x_wconf 64' lang='lat' dir='ltr'>posuit„</span> <span class='ocrx_word' id='word_1_358' title='bbox 603 5556 680 5613; x_wconf 87' lang='lat' dir='ltr'>aliter</span> <span class='ocrx_word' id='word_1_359' title='bbox 697 5557 757 5631; x_wconf 86' lang='lat' dir='ltr'>rolli</span> <span class='ocrx_word' id='word_1_360' title='bbox 772 5572 910 5636; x_wconf 87' lang='lat' dir='ltr'>nequeat.</span> <span class='ocrx_word' id='word_1_361' title='bbox 931 5556 964 5631; x_wconf 84' lang='lat' dir='ltr'>In</span> <span class='ocrx_word' id='word_1_362' title='bbox 980 5573 1012 5612; x_wconf 92' lang='lat' dir='ltr'>eo</span> <span class='ocrx_word' id='word_1_363' title='bbox 1029 5570 1095 5633; x_wconf 79' lang='lat' dir='ltr'>vero</span> <span class='ocrx_word' id='word_1_364' title='bbox 1118 5548 1180 5631; x_wconf 75' lang='lat' dir='ltr'>casu</span> <span class='ocrx_word' id='word_1_365' title='bbox 1196 5551 1247 5612; x_wconf 87' lang='lat' dir='ltr'>hac</span> <span class='ocrx_word' id='word_1_366' title='bbox 1265 5551 1369 5610; x_wconf 86' lang='lat' dir='ltr'>ratione</span> <span class='ocrx_word' id='word_1_367' title='bbox 1386 5548 1483 5622; x_wconf 79' lang='lat' dir='ltr'>aperiri</span> 
     </span>
    </p>
   </div>
   <div class='ocr_carea' id='block_1_6' title="bbox 0 0 2375 6609">
    <p class='ocr_par' dir='ltr' id='par_1_10' title="bbox 0 0 2375 6609">
     <span class='ocr_line' id='line_1_40' title="bbox 0 0 2375 6609; baseline 0 0"><span class='ocrx_word' id='word_1_368' title='bbox 0 0 2375 6609; x_wconf 95' lang='lat' dir='ltr'> </span> 
     </span>
    </p>
   </div>
  </div>
 </body>
</html>
