4667 6609
400 2566 447 2607 {¹⁰
719 2526 1068 2584 QJPHTHANLMIA·

397 2633 520 2706 morbum
547 2622 607 2682 fieri
633 2618 845 2697 deprehenditur
866 2655 889 2682 ‚i
904 2609 1066 2690 supervacua
1081 2604 1184 2665 ‘omnis
1202 2598 1327 2659 ‘curatio'
1340 2600 1379 2656 est
1398 2611 1411 2666 3

395 2712 442 2773 nist
462 2704 597 2769 ulcuscula
617 2701 681 2763 satis
709 2701 809 2761 fuerint
829 2714 943 2774 purgata
963 2740 972 2753 ,
1001 2691 1033 2750 ld
1049 2702 1150 2747 'autem
1170 2683 1232 2743 'fieri
1256 2679 1364 2759 potest,
1390 2682 1411 2737 lt

393 2796 439 2853 his
458 2806 606 2867 temperata
624 2805 709 2843 manu
729 2785 891 2841 admovetur
911 2779 980 2854 lapis
1000 2770 1138 2833 infernalis
1156 2809 1166 2837 2
1191 2767 1237 2835 vel
1258 2763 1412 2822 aliudmm

393 2876 576 2933 dicamentutn
597 2867 738 2925 adurens.
766 2866 814 2921 Ne
833 2864 890 2919 haec
910 2880 954 2932 res
982 2858 1090 2917 oculum
1110 2848 1260 2914 offendat,
1290 2847 1314 2901 is
1334 2845 1410 2919 prius

394 2958 450 3015 alia
471 2975 500 3013 re
521 2950 691 3029 inungendus
717 2948 779 3007 est.
807 2947 875 3003 Non
896 2942 991 2999 inutile
1020 2939 1057 2997 est
1084 2948 1248 3012 unguentum
1274 2926 1413 2986 Woolhu÷

394 3037 426 3095 fir
447 3082 454 3095 .
484 3039 547 3094 Hoc
576 3035 749 3109 componitur
769 3050 804 3087 ex
825 3031 892 3084 flore
913 3026 983 3097 peris
1004 3022 1078 3080 eloco
1097 3023 1124 3076 δε
1149 3009 1307 3075 levissimo,
1334 3005 1412 3083 quod.

394 3120 500 3195 butyro
519 3117 573 3177 fine
594 3114 647 3173 sale
665 3156 675 3183 2
695 3114 740 3175 vel
760 3110 889 3169 teneriori
911 3106 1054 3181 axungia,
1079 3102 1209 3176 excipitur
1230 3098 1257 3151 &
1277 3109 1339 3148 curn
1360 3089 1413 3146 hac

395 3206 546 3259 conteritur
561 3245 568 3258 .
588 3201 663 3256 Nam
682 3205 709 3255 ὃς
727 3198 780 3253 hoc
798 3193 832 3249 ad
851 3186 968 3247 curanda
984 3186 1073 3241 ulcera
1090 3186 1218 3241 idoneum
1236 3177 1289 3234 est.

843 3317 869 3371 ς.
898 3290 964 3375 303.¹

434 3440 497 3497 Nec
526 3433 701 3513 ophthalmia
726 3470 735 3497 ,
763 3447 822 3507 quae
856 3446 889 3483 ex
918 3422 1046 3482 scorbuco
1071 3463 1080 3489 ,
1106 3421 1150 3479 vel
1176 3433 1289 3475 venereo
1316 3410 1413 3471 morbo

392 3518 528 3581 'enascitur
548 3560 559 3586 ,
579 3515 680 3573 mederi
700 3512 763 3569 licet
782 3552 792 3578 ,
809 3506 860 3566 ‘ntfi
880 3522 1034 3584 expugnato
1053 3505 1127 3561 vitio
1145 3543 1154 3569 2
1174 3499 1250 3577 quod
1273 3498 1301 3553 in
1322 3494 1416 3551 bunti-

395 3604 440 3661 dis
461 3607 488 3661 dc
509 3621 556 3678 per
577 3615 665 3657 totum
685 3614 783 3669 corpus
811 3587 940 3648 diffusum
960 3588 998 3645 est
1021 3631 1029 3643 .
1059 3581 1299 3643 Animadversione
1320 3576 1417 3633 crebra

397 3684 544 3749 innotuit,
564 3700 612 3739 nec
633 3675 764 3750 eiusmodi
784 3672 959 3749 ophthalmia
979 3666 1110 3726 auxilium
1130 3661 1180 3722 else
1201 3667 1230 3719 in
1251 3654 1419 3736 ptyalismO,

398 3770 450 3842 qui
471 3781 583 3842 argento
604 3761 669 3819 vivo
689 3759 840 3816 concitatur
859 3775 867 3813 ς
889 3750 934 3809 sed
957 3792 966 3817 ,
993 3770 1026 3807 eo
1046 3750 1182 3806 concitato
1202 3739 1325 3815 ,saepius
1347 3740 1419 3793 acci·

398 3848 491 3913 dere,
523 3862 554 3903 ut
576 3843 672 3901 oculus
692 3842 874 3895 inflammatus
901 3848 1068 3907 rumpatur,
1094 3830 1137 3885 vel
1158 3844 1188 3883 uc
1209 3824 1296 3887 acrior
1316 3821 1420 3875 humor

397 3935 523 3984 corneam
545 3924 670 3986 eredat5
690 3920 763 3976 &in
783 3936 815 3971 ea
836 3913 1000 3977 cicatrices,
1023 3911 1108 3981 aciem
1130 3912 1355 3980 corrumpentes,
1377 3919 1422 3959 re-

395 4007 530 4082 linquat.
550 4002 651 4061 Aliena
672 4003 698 4054 &
719 3998 764 4052 hic
784 3992 860 4074 ξύσις
881 3990 991 4063 (298.)
1012 3989 1067 4045 est.
1090 3989 1119 4043 Si
1141 3988 1242 4043 malum
1263 4005 1296 4040 ex
1316 3982 1422 4040 coerci-¹

395 4086 426 4145 ta
446 4084 612 4164 gonorrhoea
633 4097 724 4139 ortum
745 4076 818 4141 fuit,
839 4072 962 4149 illudque
983 4088 1076 4129 recens
1095 4068 1153 4136 est,
1173 4065 1267 4124 omnia
1288 4063 1422 4120 adhiben-

399 4168 437 4243 da
457 4165 549 4232 sunt,
575 4182 635 4239 quae
650 4161 765 4217 noxiam
787 4159 928 4213 materiam
949 4158 978 4210 in
998 4151 1130 4209 inferiora
1149 4146 1326 4223 depellere&
1344 4145 1423 4200 viru-

398 4249 469 4305 lenti
482 4246 608 4304 humoris
620 4240 786 4318 profluvium
799 4257 833 4293 ex
849 4235 1012 4315 genitalibus
1027 4250 1154 4289 revocare
1165 4225 1291 4305 pollunt.
1310 4232 1321 4301 (
1334 4228 1422 4297 124.)

352 4338 353 4341 ’
400 4330 478 4387 Inter
497 4328 556 4384 haec
572 4325 657 4382 'etiam
679 4319 739 4379 sunt
759 4319 816 4377 alvi
836 4318 1003 4382 ductiones,
1024 4312 1192 4379 frictiones,
1212 4307 1307 4366 balnea
1327 4311 1355 4363 &
1377 4306 1423 4367 foff

403 4426 494 4469 menta
514 4407 602 4463 calida
625 4408 653 4459 δι
677 4400 834 4457 mollientia.
847 4397 1014 4472 genitalibus
1038 4395 1149 4453 admota
1164 4420 1184 4449 .·
1201 4392 1285 4466 Super
1312 4388 1424 4445 oculum

399 4490 461 4547 clari
479 4485 567 4559 potest
587 4480 729 4536 linteolum
750 4496 784 4531 ex
805 4492 878 4548 aqua
895 4475 1050 4527 vulneraria
1077 4494 1140 4529 cum
1160 4491 1233 4545 aqua
1253 4469 1426 4527 foeniculi&

398 4567 566 4646 plantaginis
584 4561 699 4619 remixta
717 4551 884 4633 expressum.
906 4551 1031 4625 Adjuvat
1052 4552 1136 4609 etiam
1157 4550 1329 4625 collyrium,
1349 4550 1426 4624 quod

399 4652 499 4709 cutiam
521 4645 636 4711 habet,
665 4637 788 4717 &quod
812 4636 911 4694 malam
934 4636 1075 4693 materiam
1103 4635 1132 4691 in
1160 4632 1257 4690 oculos
1281 4630 1427 4688 decurren-

376 4798 378 4802 ‚
399 4748 457 4790 tem
474 4730 649 4806 aliquantum
666 4738 755 4803 cenet.
776 4720 804 4776 Si
820 4718 920 4777 humor
938 4716 1019 4778 valde
1039 4716 1109 4775 acris
1130 4715 1168 4783 est
1182 4719 1209 4773 &
1229 4713 1342 4773 oculum
1351 4732 1427 4774 mor-

375 4867 377 4869 ,
400 4813 475 4883 ἀει,
494 4814 521 4866 ἰέ
543 4825 663 4866 cremore
684 4802 790 4862 sentinis
811 4802 993 4879 cydoniorum
1013 4795 1264 4876 superinungendus
1282 4797 1321 4855 est
1335 4803 1352 4862 '‚
1381 4795 1426 4853 vel

401 4893 475 4951 lacte
492 4889 584 4949 calido
607 4888 761 4963 eluendus.
780 4886 853 4961 ‘Nec
876 4884 933 4943 alia
954 4882 1065 4942 curatio
1086 4880 1153 4948 est,
1181 4875 1389 4956 stopbthalmia
1408 4895 1426 4937 a

405 4971 648 5050 storbuto'coepit.
770 4976 772 4979 '
1363 4970 1365 4972 ’
