4667 6609
444 2590 491 2650 ³3⁸
825 2569 1077 2615 motuum·

440 2676 531 2732 torum
545 2658 790 2743 compositionibus
811 2670 942 2719 utuntur,
962 2638 1177 2726 quas-tutundit
1190 2635 1399 2705 &linamentis
1407 2636 1453 2698 su.

438 2752 595 2834 perillinunt
615 2753 643 2807 dc
663 2746 691 2802 in
712 2740 828 2799 fistulam
847 2734 1009 2808 conjiciunt.
1071 2766 1073 2768 .
1174 2736 1175 2739 ’
1299 2758 1302 2761 ·
1432 2768 1450 2776 „

482 2914 571 2992 Quod
591 2912 611 2969 fi
631 2924 721 2967 autern
742 2860 830 2961 filiola
851 2826 1304 2970 au§os9{1lquod„penetravit,&
1325 2848 1378 2935 hoc
1399 2837 1456 2949 jam

441 2999 540 3058 vitium
559 2992 723 3055 contraxit,
751 2986 849 3044 omnis
864 2982 969 3040 curatio
997 2973 1160 3051 supervacua
1186 2965 1254 3033 est,
1276 2959 1423 3019 niliomue
1444 2996 1454 3024 ,

440 3079 519 3159 quod
538 3098 572 3138 ex
593 3070 645 3135 oisc
666 3066 825 3146 corruptum
845 3064 884 3125 est
899 3061 990 3133 ,tolli
1009 3053 1083 3135 poffit
1100 3095 1114 3109 ‚,
1128 3052 1190 3108 Hoc
1210 3043 1296 3130 sape,
1316 3040 1335 3099 fi
1354 3039 1455 3105 vitium

441 3163 553 3230 latius,
570 3150 801 3235 uelprofundius
822 3150 889 3214 est,
918 3163 948 3202 ac
969 3138 1033 3199 satis
1052 3132 1174 3216 patefieri
1189 3129 1316 3212 nequit,
1336 3115 1456 3199 perdiffi-

441 3245 497 3303 cile
516 3244 571 3310 eli,
592 3259 632 3298 at-
642 3250 845 3310 nonnumquam
865 3223 934 3286 effici
954 3222 1028 3281 nulla
1049 3220 1154 3278 ratione
1173 3211 1276 3293 potest3
1296 3204 1395 3287 quales
1413 3217 1457 3260 et·

445 3327 502 3384 iarn
522 3323 613 3383 fistulae
633 3316 721 3398 sanari
733 3328 895 3393 nequeunt,
1189 3306 1191 3310 ’

484 3484 543 3544 Ubi
563 3499 629 3541 vero
649 3476 735 3537 fistula
761 3473 796 3532 ad
817 3487 959 3536 nervum,
988 3464 1033 3524 vel
1054 3457 1195 3521 nervosum
1220 3449 1312 3514 locum
1341 3448 1459 3514 tendit,

441 3585 527 3645 quern
546 3560 664 3629 subesse,
684 3564 712 3618 δε
733 3572 884 3621 anatome,
903 3555 930 3610 &
950 3549 1050 3606 humor
1069 3545 1119 3621 qui
1135 3538 1268 3606 effertur,
1287 3529 1386 3609 &ipse
1407 3529 1460 3587 do-

445 3648 489 3710 lor
509 3649 625 3713 docent,
645 3658 733 3700 metus
754 3635 803 3695 elie
822 3633 924 3713 potest,
938 3644 977 3690 'ne
998 3629 1033 3687 ab
1053 3628 1098 3684 his
1109 3621 1259 3683 acrioribus
1281 3615 1461 3675 medicamen·

446 3731 486 3787 tis
507 3728 560 3785 illae
579 3741 670 3803 partes
691 3738 800 3798 gravent
821 3714 992 3774 offensionem
1013 3708 1162 3784 accipiant.
1183 3705 1216 3761 In
1236 3701 1280 3758 his
1301 3697 1407 3756 casibus
1415 3711 1462 3752 ro·

447 3810 543 3868 dentia
564 3811 590 3866 δι
612 3804 752 3863 exedentia
768 3800 854 3856 aliena
876 3793 954 3861 sunt,
975 3796 1002 3849 δι
1021 3791 1106 3867 magis
1126 3783 1292 3864 proficiunt,
1313 3798 1372 3855 quae
1386 3776 1462 3834 ulcus

447 3890 555 3948 aridum
576 3882 721 3948 reddunt,
734 3880 805 3956 aqua
826 3878 925 3942 calcis,
945 3890 1016 3947 aqua
1036 3867 1251 3946 phagadaenica,
1272 3857 1381 3916 eilentia
1401 3853 1463 3913 suc-

358 4019 360 4022 .
446 3972 521 4035 cini,
540 3966 640 4031 elemi,
661 3961 813 4018 mastichis.
834 3959 899 4013 Haec
918 3951 1022 4029 gummi
1042 3951 1125 4007 etiam
1145 3962 1207 4003 cum
1225 3939 1415 4001 terebenthina
1431 3953 1463 3994 ac

446 4045 495 4108 ovi
512 4046 608 4106 vitello
627 4040 731 4102 misceri
749 4045 775 4099 &
797 4036 909 4097 immitti
926 4029 1055 4110 poliunt,
1075 4026 1179 4107 quibus
1195 4023 1360 4104 quandoque
1380 4021 1465 4078 etiarn

447 4130 552 4198 callus,
571 4128 592 4186 fi
608 4127 633 4185 is
649 4142 752 4205 paucus
773 4121 810 4179 est
827 4124 853 4177 δι
871 4116 979 4183 tenuis,
999 4113 1136 4171 vincitur.
1161 4147 1163 4149 »
1361 4118 1363 4120 ·
1416 4145 1418 4148 ,

493 4292 524 4350 Si
541 4289 629 4348 fistula
646 4284 696 4345 sub
713 4300 775 4341 cute
790 4275 940 4338 transversa
963 4276 1067 4342 fertur,
1086 4275 1115 4331 in
1132 4272 1225 4338 illam,
1246 4267 1265 4327 fi
1285 4267 1393 4347 longior
1409 4262 1466 4330 est,

450 4377 482 4431 ⁵&
496 4390 575 4450 aegerv
589 4366 706 4443 scalpelli
723 4358 837 4439 opetum
849 4356 1033 4423 reformidat,
1049 4353 1159 4411 demitti
1180 4351 1264 4429 potest
1282 4346 1419 4425 specillum
1438 4349 1466 4402 &

450 4452 542 4537 vfistula
559 4466 652 4507 eontra
671 4448 752 4516 hujus
770 4459 851 4517 caput
869 4441 962 4496 altera*
976 4452 1053 4511 parte
1076 4434 1160 4491 incidi
1179 4475 1186 4488 .
1208 4434 1262 4488 Per
1278 4429 1393 4487 fistulam
1409 4446 1469 4484 tra-

449 4535 503 4606 jici
519 4530 604 4608 potest
621 4529 708 4584 linum
726 4523 922 4581 medicamento
944 4517 1044 4574 idoneo
1063 4516 1163 4571 illitum
1178 4550 1187 4579 ,
1214 4509 1299 4588 quodv
1313 4510 1401 4567 indies
1418 4508 1468 4565 ad-

450 4613 577 4679 ducitur,
598 4610 684 4667 donee
700 4624 784 4683 purus
805 4599 890 4660 fuerit
911 4598 1001 4663 siout,
1018 4594 1088 4672 qui,
1109 4610 1141 4651 ut
1160 4592 1278 4658 vulnus,
1299 4592 1467 4667 glutinatur.

447 4692 594 4770 <Contu
604 4690 695 4763 478.)
707 4686 755 4746 Ad
771 4702 854 4763 quam
872 4701 930 4740 rem
950 4679 1079 4736 idoneum
1095 4676 1133 4733 est
1151 4668 1470 4738 ferramentumPetiti,

451 4782 546 4858 quo&
556 4774 628 4833 finus
638 4770 723 4830 altera
736 4784 811 4845 parte
827 4762 995 4843 perfoditur,
1014 4757 1138 4816 &linum
1153 4750 1298 4813 commode
1316 4754 1468 4823 traiicitur.

451 4884 457 4891 “
486 4900 503 4932 a
517 4887 549 4928 Le
562 4881 701 4935 Troiaquarts
717 4866 1181 4921 d‘contreouverture.V.GARENGEOT
1197 4860 1255 4906 Tsl·
1265 4872 1287 4917 p,
1297 4870 1348 4917 391.
1361 4849 1409 4905 sc.
1434 4878 1435 4881 ¹

922 4973 929 4985 ·
955 4943 990 4996 95
1015 4961 1044 4983 ·'
1098 4960 1100 4964 ’
1373 4959 1375 4961 ·

455 5046 457 5048 ’
498 5021 592 5097 Longe
613 5035 702 5095 tamen
722 5017 808 5088 majus
829 5005 982 5085 certiusque
1004 5009 1033 5063 in
1053 5022 1134 5061 manu
1154 4998 1367 5079 praesdiumest,
1387 5016 1471 5079 quam

458 5105 489 5163 in
510 5096 729 5165 medicamentis,
749 5116 807 5174 quae
829 5113 893 5154 raro
913 5091 948 5149 ad
968 5089 1078 5148 ultimas
1092 5084 1199 5143 astulas
1219 5076 1402 5159 ardioresque
1423 5099 1471 5138 ea·

457 5205 519 5245 rum
538 5185 613 5261 sinus*
629 5182 805 5260 perveniunt.
826 5174 930 5234 Fistula
945 5190 1030 5238 vero,
1050 5166 1069 5225 fi
1086 5167 1196 5245 aliquid
1215 5181 1374 5241 corruptum
1389 5162 1472 5220 relin-

456 5268 578 5344 quitur,
598 5262 628 5322 id
648 5261 749 5341 quod,
769 5258 789 5318 st
808 5253 926 5333 eaysolis
946 5251 1148 5312 medicamentis
1168 5264 1300 5326 purgatur
1318 5287 1327 5314 ,
1347 5246 1469 5304 crebrius

459 5348 579 5427 incidit,
593 5347 637 5404 vel
658 5343 787 5422 glutinari
808 5340 920 5419 nequit,
941 5336 982 5395 vel
991 5334 1121 5400 cicatrix,
1141 5327 1161 5388 fi
1182 5320 1384 5396 induuaifuit,
1404 5327 1469 5384 bre-

455 5431 489 5487 vi
509 5430 606 5484 iterum
626 5428 775 5504 rumpitur⁶
796 5414 1026 5500 Expeditiifimum
1046 5417 1130 5494 igitur
1138 5412 1177 5472 est
1185 5426 1197 5482 ,'
1216 5408 1371 5489 specillum,
1391 5408 1468 5485 quod

454 5508 560 5569 sulcum
580 5508 678 5576 habet,
698 5512 727 5566 in
747 5506 862 5566 fistulam
883 5503 1044 5566 demittere,
1064 5503 1095 5556 δι
1104 5497 1188 5554 nanc
1202 5491 1279 5571 super
1289 5493 1319 5550 id
1340 5490 1467 5550 reditio·-

455 5590 565 5675 jcidere.
588 5592 701 5665 Oportet
716 5595 785 5648 ve'ro
804 5595 899 5647 omnes
919 5585 990 5641 smus
1010 5577 1151 5659 persequi,-
1170 5582 1218 5656 &,
1238 5575 1258 5633 st
1278 5576 1319 5633 illi
1328 5578 1400 5632 intus
1409 5589 1470 5628 ten-

458 5672 528 5744 dunt
548 5666 681 5751 altiusque
700 5667 970 5746 descendunt,·illos›
983 5660 1321 5739 latius'eti-amiduabus,
1342 5671 1388 5714 aut
1407 5655 1470 5734 plu,-
