4667 6609
383 2548 432 2595 ut
694 2526 852 2576 euredum
874 2529 1075 2583 taruenna:
1430 2579 1433 2584 .

382 2638 435 2691 iam
455 2621 596 2683 commode
616 2618 739 2677 tollitur.
760 2618 907 2694 Postquam
928 2631 992 2671 acus
1012 2608 1116 2668 eluuae
1136 2601 1322 2680 suntt,rpanni
1343 2612 1397 2668 ob.

380 2709 453 2783 longi
469 2705 577 2785 graduti
592 2700 771 2779 superimponi
779 2699 902 2778 possunt,¹
922 2701 948 2755 dc
969 2695 1022 2751 bisx
1034 2691 1114 2762 injice
1129 2686 1349 2745 habenazmedio
1366 2694 1396 2747 in

379 2789 578 2869 longitudinem
597 2780 700 2850 incisa,
714 2780 798 2860 {guam
815 2780 927 2842 fasciam
942 2778 1079 2852 unientem
1097 2771 1212 2830 uocaui.
1229 2776 1267 2843 (ι
1272 2787 1299 2839 5.
1312 2786 1347 2843 37
1352 2771 1396 2839 5.)

562 2948 825 3009 cincun
877 2898 1210 3029 autumna

826 3120 853 3178 ς.
880 3116 949 3181 607·
1353 3162 1355 3164 ,

421 3198 526 3256 Rarum
547 3214 602 3255 non
621 3196 676 3263 est,
696 3194 817 3272 linguam
837 3190 993 3253 vulnerari,
1012 3187 1043 3243 id
1063 3181 1155 3262 quod,
1175 3178 1218 3237 vel
1239 3177 1328 3234 telo&
1340 3173 1399 3252 gle-

379 3278 581 3355 beplumbea,
600 3279 643 3334 vel
664 3278 745 3349 ipsius
765 3276 892 3331 hominis.
904 3268 1053 3334 dentibrm,
1074 3266 1134 3325 fieri
1155 3260 1223 3320 solet
1239 3260 1341 3316 ,ll-laec
1352 3274 1398 3312 res

381 3360 563 3415 cumdolore
577 3358 659 3413 etiam
679 3355 749 3409 hanc
770 3354 854 3407 habet
875 3350 1043 3416 molestiam,
1063 3346 1137 3424 quod
1158 3340 1245 3398 sermo
1265 3337 1399 3413 prohibe·

379 3455 425 3494 tur
445 3442 472 3495 δι
492 3436 549 3493 cibi
569 3434 712 3492 mandi'ac
732 3432 862 3509 deglutiri
882 3433 942 3489 viu¹
959 3446 1062 3509 queunt
1082 3471 1089 3483 .
1118 3425 1229 3500 linguae
1248 3419 1399 3478 vulneratae

376 3519 507 3595 nonalia
527 3514 698 3594 superdanda
717 3511 779 3573 sunt
799 3513 1022 3579 medicamenta,
1042 3526 1125 3587 quam
1141 3548 1152 3576 ,
1172 3524 1231 3582 qua
1251 3504 1305 3560 sme
1326 3518 1401 3558 noxa

378 3601 508 3678 deglutiri
529 3597 633 3675 possunt
653 3642 661 3654 .
681 3594 799 3655 Effentia
819 3594 919 3654 succini
943 3612 1030 3673 parvo
1051 3589 1169 3649 sacchari
1191 3585 1305 3667 frustulo
1325 3585 1401 3641 exci-

380 3683 479 3757 pienda
500 3682 598 3757 linguae
618 3680 791 3755 imponitur.
822 3678 852 3735 Si
871 3696 938 3736 vero
959 3677 1040 3733 ardor
1069 3691 1150 3748 atque
1171 3669 1251 3726 dolor
1272 3683 1368 3742 urgent
1390 3706 1400 3733 ,

377 3764 467 3837 magis
487 3761 659 3819 commodum
676 3762 730 3828 est,
750 3760 841 3818 oleum
862 3758 1068 3834 amygdalarum
1087 3753 1166 3810 dulce
1186 3769 1248 3807 curn
1269 3745 1398 3804 saccharo

381 3841 511 3909 miseere,
532 3847 558 3899 dt
579 3846 606 3898 ei
625 3839 761 3899 'essentiam
782 3840 864 3896 modo
885 3842 986 3895 dictam
1007 3837 1146 3904 adjicere.
1168 3833 1247 3895 Nee>
1267 3830 1400 3902 praecipue

378 3924 483 3979 vulneri
504 3919 617 3986 colliso,
637 3922 754 3977 alienum
762 3920 801 3976 est
820 3920 874 3974 mel
894 3914 1032 3980 rosatum,
1053 3913 1097 3969 cui
1115 3912 1201 3968 ‘etiam
1213 3906 1328 3965 essentia
1339 3908 1401 3963 bal-

377 3999 477 4059 samita
497 3999 640 4063 commode
660 3997 847 4055 admiscetur.
869 4001 908 4053 Os
929 3996 1050 4053 crebrius
1071 3992 1128 4050 elui
1146 3990 1234 4068 potest
1253 3989 1368 4047 decodto
1389 4029 1400 4057 ,

377 4080 454 4160 quod
474 4086 507 4139 bc
522 4099 623 4139 naturae
643 4081 763 4139 vulneris
785 4084 812 4137 &
832 4079 947 4155 tempori
962 4076 1185 4135 inflammationis
1206 4071 1405 4139 accommoda--

379 4166 440 4221 tum
460 4160 760 4229 essedebetssurva,
779 4180 835 4237 qua
854 4162 966 4218 vulnera
986 4174 1153 4235 purgantur,
1173 4174 1228 4213 non
1245 4172 1341 4230 parum
1364 4151 1400 4209 ad

380 4246 549 4302 curationem
568 4241 692 4301 confert.
713 4244 742 4298 Si
763 4241 857 4318 lingua
876 4244 1078 4306 inflammatur,
1098 4238 1234 4295 ea‘altius
1255 4234 1401 4293 conciden-

380 4326 419 4383 da
439 4325 477 4381 est
498 4369 506 4381 .
535 4325 597 4381 Nec
617 4323 693 4381 illud
706 4323 825 4399 ignorari
847 4323 955 4389 debet,
985 4340 1039 4378 non
1060 4320 1143 4375 aliam
1169 4318 1225 4374 fere
1246 4334 1349 4392 partem
1371 4318 1401 4371 in

382 4403 508 4463 universo
529 4424 641 4481 corpore
662 4422 758 4461 cancro
772 4405 867 4479 >magis
886 4419 1066 4478 opportunam
1087 4396 1158 4467 esse,
1176 4417 1260 4476 quarn
1280 4398 1401 4474 linguam

382 4491 410 4543 δε
431 4504 575 4562 utrumque
595 4484 722 4540 labrum.
1322 4498 1328 4528 1

500 4608 1305 4730 ’Μεοι[ἀτΜγιΙΝεωε.4

425 4838 427 4841 v
830 4811 858 4869 §.
880 4802 948 4860 608.

410 4939 414 4947 ..
423 4889 472 4946 Est
485 4886 629 4962 chirurgia
649 4885 786 4963 quoddam
807 4888 913 4962 genus,
934 4883 1009 4960 quod
1030 4881 1157 4939 adhiberi
1177 4880 1259 4938 debet
1278 4885 1371 4956 pueris
1392 4924 1402 4950 2

378 4970 484 5048 'quibus
504 4988 521 5025 a
539 4972 628 5045 primo
647 4969 733 5025 natali
753 4968 798 5025 die
815 4970 909 5045 lingua
930 4974 993 5022 cum
1014 4961 1135 5035 subieda
1154 4980 1236 5040 parte
1251 4965 1401 5035 jundaest,

381 5056 411 5109 δε
431 5052 479 5127 qui
488 5051 524 5107 ob
545 5052 573 5106 id
593 5070 641 5107 nec
661 5051 714 5107 fine
735 5050 855 5109 molestia
875 5065 1021 5106 mammam
1042 5043 1153 5122 sugere,
1174 5064 1240 5111 nec,
1261 5044 1310 5103 ubi
1332 5046 1402 5103 ado-

380 5134 506 5190 leverunt
522 5174 532 5199 ,
551 5133 633 5190 verba
653 5135 726 5189 redte
747 5132 867 5191 formare
886 5127 1018 5208 possunt.
1040 5130 1092 5185 His
1113 5126 1297 5186 membranam
1315 5168 1325 5194 ,
1346 5148 1403 5204 qua

382 5214 477 5291 lingua
497 5215 633 5282 inhaeret,
653 5212 777 5292 scalpello
797 5212 910 5273 resecari
931 5227 1064 5288 oportet.
1095 5213 1162 5286 Qro
1178 5228 1248 5267 vero
1270 5210 1325 5267 boc
1346 5210 1402 5268 fine
1472 5232 1474 5234 ·

385 5295 507 5372 periculo
527 5294 601 5364 fiat,
629 5300 656 5354 &
677 5298 710 5355 ne'
730 5299 846 5369 majores
866 5312 940 5354 venae
970 5312 1028 5369 quae
1048 5289 1098 5350 sub
1119 5294 1212 5370 lingua
1233 5288 1294 5350 sunt
1311 5333 1321 5359 ,
1340 5293 1403 5350 vul-

382 5394 534 5460 nerentur,
553 5379 649 5455 linguae
668 5376 837 5437 submittitur
859 5377 1050 5436 ferramentum
1071 5377 1101 5433 in
1121 5392 1240 5433 extrema
1261 5391 1337 5450 parte
1358 5375 1402 5429 in-

382 5456 486 5525 cisum.
507 5465 582 5533 (Fig.
590 5462 679 5532 XIV.)
699 5466 759 5519 Hac
779 5458 1102 5535 incisirraexcipiturilla
1121 5457 1323 5523 membranula2
1344 5452 1402 5531 fre-

385 5541 481 5599 nulum
501 5559 615 5609 vocant,
635 5562 717 5618 quam
738 5543 834 5603 forfice
854 5540 992 5602 incidunt.
1012 5541 1059 5599 Est
1079 5541 1156 5599 aliud
1178 5538 1370 5597 ferramentum
1392 5578 1403 5605 ‚

383 5628 461 5699 (erg.
477 5627 556 5695 XV.)
576 5624 619 5685 cui
639 5621 778 5687 scalpellus
799 5630 889 5690 minor
910 5618 1005 5686 affixus
1024 5624 1062 5683 est
1079 5644 1096 5693 ,’
1115 5625 1165 5707 qui
1185 5622 1284 5684 elatere
1304 5639 1401 5681 move·
