4667 6609
503 2574 683 2610 osclum
711 2574 885 2615 nour.
1162 2585 1207 2631 375

188 2660 251 2702 nata
272 2642 349 2705 fuit.
371 2648 504 2708 Crebrius
524 2658 607 2708 etiarn
628 2653 675 2706 issa
695 2671 810 2728 occupat
829 2654 910 2722 offa,
931 2675 990 2732 quat
1009 2698 1019 2725 ,
1039 2677 1094 2717 non
1115 2660 1210 2717 mustis

188 2723 333 2795 musculis,
354 2728 399 2786 sed
420 2728 484 2786 susis
505 2732 669 2785 membranis
690 2748 886 2808 conteguntur,
907 2751 988 2809 atque
1010 2743 1080 2795 aeris
1101 2744 1210 2813 injuriis

186 2808 304 2879 exposita
324 2806 411 2865 sunt3
440 2827 526 2881 quare
547 2810 729 2883 incapite&
758 2811 829 2867 tibia
850 2811 1018 2889 frequentius
1046 2825 1208 2893 reperitur.

188 2888 294 2942 Tumor
314 2888 350 2941 ab
371 2888 451 2944 initio
471 2907 586 2962 parum,
606 2893 633 2946 &
656 2891 743 2948 minus
763 2893 866 2960 etiam,
886 2913 970 2970 quam
986 2898 1106 2973 tophus,
1127 2905 1211 2974 dolet,

187 2967 267 3023 dolor
289 2985 354 3023 vero
374 2970 466 3036 omni,
478 2973 514 3026 ‚dc
536 2972 618 3028 nodiu
638 2973 721 3029 etiam
741 2973 834 3030 lectuli
855 2976 944 3035 calore
960 2980 1110 3039 intenditur
1128 3029 1136 3040 .
1151 2988 1213 3045 Do-

187 3048 230 3104 lor
250 3047 312 3103 talis
336 3049 374 3105 est
392 3090 401 3116 ,
421 3051 514 3126 qualis
532 3049 624 3109 sentiri
645 3050 713 3111 solet
730 3095 739 3121 ,
759 3055 779 3110 fi
800 3058 957 3130 periostium
978 3060 1104 3121 affestum
1125 3066 1180 3124 fuit
1201 3113 1207 3124 .

187 3130 332 3204 Postquam
354 3143 445 3187 autem
467 3134 537 3189 maia
559 3135 671 3191 materia
690 3155 723 3193 os
743 3152 835 3195 totum
855 3142 964 3197 voravit
982 3183 991 3207 ,
1011 3144 1111 3212 dolor,
1131 3147 1211 3206 exesa

188 3211 357 3278 membrana,
379 3210 434 3269 fere
455 3213 638 3290 conquiescit.
661 3220 789 3294 (1040.)

256 3347 259 3350 ,
287 3321 305 3348 r
635 3308 662 3366 §.
688 3306 772 3371 1046.

229 3377 302 3435 Vera
322 3379 464 3449 exosiofis,
485 3384 569 3438 etiarn
590 3404 623 3440 ex
645 3403 761 3442 venereo
782 3388 879 3447 morbo
893 3407 988 3459 enata,
1009 3411 1072 3450 raro
1093 3396 1213 3454 medica-

186 3462 303 3526 mentis,
325 3481 373 3518 nec
393 3466 475 3521 etiam
497 3467 651 3533 mercurio,
671 3468 783 3525 obedit:
805 3488 907 3544 quare,
925 3474 1006 3530 saissa
1022 3476 1146 3533 dolorem
1157 3498 1213 3535 non

187 3535 296 3606 adfert,
317 3540 528 3618 supervacuum,
550 3549 634 3604 immo
656 3551 737 3603 etiam
758 3552 870 3606 noxium
891 3555 957 3619 est,
975 3575 1036 3612 eam
1057 3560 1143 3614 variis
1164 3579 1213 3615 cu-

153 3662 155 3664 .
187 3621 339 3678 rationibus
361 3628 475 3699 agitari.
498 3628 556 3683 Ubi
577 3647 667 3684 autem
688 3648 783 3705 graves
801 3632 909 3689 dolores
924 3636 1049 3702 veniunt,
1070 3656 1123 3704 os,
1143 3638 1162 3693 fi
1183 3640 1214 3695 id

187 3703 328 3759 commode
350 3701 408 3761 fieri
425 3709 511 3780 potest
531 3749 539 3773 ,
559 3729 668 3784 oportet
689 3710 810 3778 nudari,
832 3712 974 3790 omnisque
994 3736 1058 3773 caro
1079 3714 1215 3776 subsecari

187 3799 269 3858 atque
289 3782 348 3841 offis
370 3803 462 3845 tumor
483 3789 586 3846 crebris
608 3791 789 3872 foraminibus
812 3798 901 3871 urgeri
922 3839 928 3851 .
950 3798 1184 3872 Qratenustvero
1205 3838 1216 3868 ,

186 3866 213 3918 &
235 3866 390 3933 modiolus,
411 3871 559 3927 &terebra
581 3876 625 3947 agi
646 3873 768 3939 debeat,
789 3878 905 3933 vitiatus
925 3878 1066 3936 humor&
1086 3878 1173 3938 scobis
1182 3881 1216 3937 sr-

186 3943 332 4018 gnificant.
354 3950 441 4005 Factis
459 3949 661 4019 foraminibus,
682 3953 830 4011 excisorius
852 3955 953 4032 scalper
974 3961 1009 4015 ab
1030 3963 1118 4018 altero
1139 3963 1216 4020 fora-

188 4027 260 4082 mine
281 4028 438 4086 adulterum
460 4032 586 4090 rualseoso
595 4036 744 4108 adigendus
765 4037 803 4091 est
811 4065 824 4102 ,·
842 4056 871 4093 ut
889 4041 919 4094 id
929 4041 1004 4114 quod
1026 4044 1215 4102 interutrum-

187 4122 241 4177 que
263 4109 381 4166 medium
402 4112 456 4177 est,
475 4115 610 4170 excidat.
634 4116 666 4170 Id
682 4117 755 4191 quod
777 4118 914 4193 resiquum
936 4121 973 4176 est
990 4120 1146 4198 ,scalpello
1166 4145 1214 4183 ra-

186 4186 319 4256 dendum,
340 4195 366 4247 81
385 4211 464 4248 omne
475 4196 601 4250 vitiatum
623 4196 771 4252 tollendum
792 4201 875 4255 estiis
898 4202 1023 4268 auxiliis,
1044 4224 1104 4279 quae
1125 4212 1215 4281 proti-

187 4287 237 4322 nus
256 4310 265 4335 ,
287 4272 334 4325 ubi
357 4274 392 4327 ad
413 4275 512 4328 cariem
533 4294 659 4340 venero,
678 4297 812 4350 exponam
834 4302 848 4333 a
869 4322 876 4334 .
898 4282 927 4335 Si
945 4300 1040 4338 autern
1056 4287 1154 4342 vitium
1178 4290 1214 4344 ad

187 4349 299 4407 aiteram
320 4354 402 4407 etiam
424 4352 482 4409 ossis
504 4373 607 4428 partem
628 4361 796 4430 penetravit,
819 4362 844 4415 bc
864 4378 955 4417 totum
971 4382 1149 4439 corruptum,
1170 4387 1216 4426 ro-

187 4446 244 4485 tum
265 4433 346 4487 eximi
366 4452 422 4489 non
442 4435 554 4508 potest,
575 4457 639 4493 vera
661 4435 760 4494 sanitas
781 4439 856 4496 haud
876 4443 955 4498 reddi
975 4447 1085 4519 potest:
1107 4445 1173 4516 sed,
1194 4451 1215 4507 fi

187 4528 277 4568 tumor
296 4531 371 4570 artus
385 4518 520 4590 Occupat,
542 4518 709 4583 membrum,
730 4537 827 4574 curato
834 4525 921 4593 priori
930 4527 1045 4591 morbo,
1064 4532 1214 4601 praeciden-

186 4594 251 4649 dum
273 4596 325 4650 est.
346 4597 444 4668 Neque
466 4596 520 4651 ussa
542 4591 599 4670 spes
621 4598 707 4652 estin
728 4598 790 4653 asiis
812 4600 905 4668 vitiis,
925 4600 1053 4662 scorbuto
1075 4612 1213 4667 invetera-

184 4692 232 4739 ro,
246 4679 280 4730 .&
301 4676 347 4730 ubi
369 4673 424 4730 offa
444 4692 502 4731 tota
523 4678 734 4744 intumuerunt,
755 4683 884 4753 (1032.)
905 4684 948 4738 vei
968 4704 1062 4759 praeter
1083 4708 1211 4748 naturam

188 4754 297 4830 fragilia
318 4752 390 4810 sassa
411 4752 486 4813 sunt.
511 4762 642 4830 (1032.)
664 4760 748 4816 Vistu
769 4764 795 4815 &
818 4763 1029 4823 medicamentis
1044 4768 1114 4825 nihii
1135 4773 1210 4830 aliud

186 4833 316 4902 effici-tur,
338 4855 439 4912 quam,
461 4855 491 4893 ut
514 4841 604 4895 morbi
624 4843 740 4915 impetus
761 4843 903 4901 trabatur.

196 4957 198 4961 f
215 4953 230 4979 ι
247 4938 393 4985 curationem
407 4936 479 4984 talem
494 4940 607 4998 proposuit
624 4951 746 4989 uErrsus
763 4959 784 4990 c.
800 4943 817 4989 l.
834 4961 857 5004 p.
875 4949 926 5005 388.
941 4945 1028 5005 &5123s

638 5011 663 5067 §.
690 5023 775 5074 1047.
986 5038 988 5040 ·
1106 5050 1108 5052 »

227 5079 274 5137 Ab
293 5082 422 5139 hisvero
442 5081 536 5141 offium
556 5084 709 5142 tumoribus
736 5087 877 5161 proximus
899 5092 1024 5148 transitus
1051 5094 1091 5150 est
1111 5096 1145 5152 ad
1165 5117 1213 5155 ca-

188 5161 271 5218 riem.
293 5166 357 5221 Haec
378 5166 486 5231 oritur,
506 5163 526 5221 fi
545 5167 717 5233 membrana,
732 5187 793 5243 >qua
811 5188 844 5226 os
865 5176 1036 5249 contegitur,
1057 5175 1093 5231 ab
1101 5175 1154 5234 osse
1169 5179 1213 5236 di-

189 5242 315 5311 ducitur,
335 5246 399 5313 vel,
419 5245 437 5302 sr
459 5247 525 5314 issa,
546 5268 614 5325 pure
632 5264 713 5316 orto,
734 5254 942 5328 corrumpitur,
963 5255 992 5312 id
1011 5258 1090 5332 quod
1110 5278 1144 5316 ex
1165 5280 1214 5317 va-

116 5367 118 5372 .
190 5324 238 5379 riis
260 5326 362 5382 morbis
384 5326 518 5404 causisque
539 5331 660 5389 accidere
681 5352 712 5388 ex
733 5327 812 5406 supra
834 5340 969 5409 (1032.)
990 5338 1072 5394 diciis
1093 5343 1213 5398 constat.

190 5406 300 5474 Morbi,
320 5426 377 5482 quo
398 5417 465 5486 aeger
485 5411 611 5479 laborat,
632 5412 740 5490 ejusque
755 5414 878 5474 &causae
899 5418 1058 5487 aestimatio,
1079 5439 1141 5479 cum
1151 5425 1213 5481 asiis

191 5484 284 5562 fi-gnis,
304 5489 438 5556 ostendit,
459 5493 616 5566 periostium
637 5497 762 5553 viriatum
775 5492 846 5554 esse:
867 5502 938 5554 inter
959 5517 1018 5574 quae
1038 5502 1213 5576 primumesi‚
1273 5530 1275 5533 ’

190 5565 210 5619 11
230 5570 320 5637 locus,
342 5572 391 5646 qui
412 5589 474 5629 ante
495 5574 681 5635 vehementem
702 5582 728 5635 bc
744 5578 913 5656 continuum
925 5579 1048 5640 dolorem
1070 5584 1212 5652 habuerat,

187 5647 513 5737 3³¹1]fiueddorerst2
535 5662 679 5738 (qr-040.)
699 5660 775 5742 idem
795 5658 926 5743 fignificat
946 5666 1044 5735 cutis,
1065 5665 1085 5726 fi
1105 5668 1211 5728 tumida
