<?xml version="1.0" encoding="UTF-8"?>
<!DOCTYPE html PUBLIC "-//W3C//DTD XHTML 1.0 Transitional//EN"
    "http://www.w3.org/TR/xhtml1/DTD/xhtml1-transitional.dtd">
<html xmlns="http://www.w3.org/1999/xhtml" xml:lang="en" lang="en">
 <head>
  <title>
</title>
<meta http-equiv="Content-Type" content="text/html;charset=utf-8" />
  <meta name='ocr-system' content='tesseract 3.04.00' />
  <meta name='ocr-capabilities' content='ocr_page ocr_carea ocr_par ocr_line ocrx_word'/>
</head>
<body>
  <div class='ocr_page' id='page_1' title='image "./iozachariaeplat00platgoog/iozachariaeplat00platgoog_0473.png"; bbox 0 0 4667 6609; ppageno 0'>
   <div class='ocr_carea' id='block_1_1' title="bbox 414 2493 1435 2996">
    <p class='ocr_par' dir='ltr' id='par_1_1' title="bbox 414 2493 1070 2569">
     <span class='ocr_line' id='line_1_1' title="bbox 414 2493 1070 2569; baseline -0.041 -18"><span class='ocrx_word' id='word_1_1' title='bbox 414 2511 465 2569; x_wconf 64' lang='lat'><strong>458</strong></span> <span class='ocrx_word' id='word_1_2' title='bbox 780 2504 796 2536; x_wconf 78' lang='lat'><strong>1⁴¹</strong></span> <span class='ocrx_word' id='word_1_3' title='bbox 831 2502 851 2533; x_wconf 77' lang='lat' dir='ltr'>R</span> <span class='ocrx_word' id='word_1_4' title='bbox 885 2498 904 2533; x_wconf 74' lang='lat' dir='ltr'>A</span> <span class='ocrx_word' id='word_1_5' title='bbox 937 2496 953 2530; x_wconf 73' lang='lat' dir='ltr'>G</span> <span class='ocrx_word' id='word_1_6' title='bbox 988 2495 1006 2527; x_wconf 74' lang='lat' dir='ltr'>T</span> <span class='ocrx_word' id='word_1_7' title='bbox 1040 2493 1070 2525; x_wconf 48' lang='grc' dir='ltr'><strong>Α)</strong></span> 
     </span>
    </p>

    <p class='ocr_par' dir='ltr' id='par_1_2' title="bbox 414 2562 1435 2996">
     <span class='ocr_line' id='line_1_2' title="bbox 416 2562 1434 2671; baseline -0.034 -17"><span class='ocrx_word' id='word_1_8' title='bbox 416 2596 509 2671; x_wconf 77' lang='lat' dir='ltr'><strong>spina,</strong></span> <span class='ocrx_word' id='word_1_9' title='bbox 529 2606 612 2667; x_wconf 85' lang='lat' dir='ltr'><strong>quam</strong></span> <span class='ocrx_word' id='word_1_10' title='bbox 628 2585 658 2642; x_wconf 91' lang='lat' dir='ltr'><strong>id</strong></span> <span class='ocrx_word' id='word_1_11' title='bbox 678 2581 777 2647; x_wconf 80' lang='lat' dir='ltr'><strong>habet,</strong></span> <span class='ocrx_word' id='word_1_12' title='bbox 797 2569 945 2637; x_wconf 83' lang='lat' dir='ltr'><strong>transversa</strong></span> <span class='ocrx_word' id='word_1_13' title='bbox 965 2568 1051 2625; x_wconf 71' lang='lat' dir='ltr'><strong>fracia</strong></span> <span class='ocrx_word' id='word_1_14' title='bbox 1066 2563 1139 2633; x_wconf 76' lang='lat' dir='ltr'><strong>fuir,</strong></span> <span class='ocrx_word' id='word_1_15' title='bbox 1160 2562 1311 2638; x_wconf 85' lang='lat' dir='ltr'><strong>fragmenta</strong></span> <span class='ocrx_word' id='word_1_16' title='bbox 1330 2564 1358 2619; x_wconf 83' lang='lat' dir='ltr'><strong>in</strong></span> <span class='ocrx_word' id='word_1_17' title='bbox 1379 2566 1434 2622; x_wconf 77' lang='lat' dir='ltr'><strong>suis</strong></span> 
     </span>
     <span class='ocr_line' id='line_1_3' title="bbox 414 2641 1434 2736; baseline -0.039 -1"><span class='ocrx_word' id='word_1_18' title='bbox 414 2675 524 2736; x_wconf 72' lang='lat' dir='ltr'><strong>&#39;sedibus</strong></span> <span class='ocrx_word' id='word_1_19' title='bbox 548 2685 678 2727; x_wconf 87' lang='lat' dir='ltr'><strong>manent.</strong></span> <span class='ocrx_word' id='word_1_20' title='bbox 709 2664 737 2720; x_wconf 91' lang='lat' dir='ltr'><strong>Si</strong></span> <span class='ocrx_word' id='word_1_21' title='bbox 761 2678 827 2719; x_wconf 86' lang='lat' dir='ltr'><strong>vtro</strong></span> <span class='ocrx_word' id='word_1_22' title='bbox 848 2654 906 2714; x_wconf 83' lang='lat' dir='ltr'><strong>offis</strong></span> <span class='ocrx_word' id='word_1_23' title='bbox 928 2651 1045 2709; x_wconf 87' lang='lat' dir='ltr'><strong>tenerior</strong></span> <span class='ocrx_word' id='word_1_24' title='bbox 1065 2667 1128 2723; x_wconf 84' lang='lat' dir='ltr'><strong>pars</strong></span> <span class='ocrx_word' id='word_1_25' title='bbox 1146 2641 1240 2703; x_wconf 71' lang='lat' dir='ltr'><strong>collisa</strong></span> <span class='ocrx_word' id='word_1_26' title='bbox 1262 2641 1342 2707; x_wconf 71' lang='lat' dir='ltr'><strong>fuit&gt;</strong></span> <span class='ocrx_word' id='word_1_27' title='bbox 1369 2641 1434 2717; x_wconf 82' lang='lat' dir='ltr'><strong>saepe</strong></span> 
     </span>
     <span class='ocr_line' id='line_1_4' title="bbox 418 2720 1435 2829; baseline -0.04 -14"><span class='ocrx_word' id='word_1_28' title='bbox 418 2757 494 2815; x_wconf 87' lang='lat' dir='ltr'><strong>aliud</strong></span> <span class='ocrx_word' id='word_1_29' title='bbox 516 2753 694 2829; x_wconf 79' lang='lat' dir='ltr'><strong>fragmentum</strong></span> <span class='ocrx_word' id='word_1_30' title='bbox 715 2742 795 2820; x_wconf 83' lang='lat' dir='ltr'><strong>snper¹</strong></span> <span class='ocrx_word' id='word_1_31' title='bbox 813 2740 889 2799; x_wconf 79' lang='lat' dir='ltr'><strong>aliud</strong></span> <span class='ocrx_word' id='word_1_32' title='bbox 909 2733 1017 2794; x_wconf 85' lang='lat' dir='ltr'><strong>effertur</strong></span> <span class='ocrx_word' id='word_1_33' title='bbox 1040 2774 1047 2785; x_wconf 91' lang='lat'><strong>.</strong></span> <span class='ocrx_word' id='word_1_34' title='bbox 1068 2732 1163 2789; x_wconf 85' lang='lat' dir='ltr'><strong>Minus</strong></span> <span class='ocrx_word' id='word_1_35' title='bbox 1185 2724 1333 2802; x_wconf 86' lang='lat' dir='ltr'><strong>periculum</strong></span> <span class='ocrx_word' id='word_1_36' title='bbox 1354 2720 1435 2791; x_wconf 84' lang='lat' dir='ltr'><strong>hujus</strong></span> 
     </span>
     <span class='ocr_line' id='line_1_5' title="bbox 418 2801 1435 2897; baseline -0.037 0"><span class='ocrx_word' id='word_1_37' title='bbox 418 2837 543 2897; x_wconf 73' lang='lat' dir='ltr'><strong>fracturae</strong></span> <span class='ocrx_word' id='word_1_38' title='bbox 564 2830 613 2889; x_wconf 83' lang='lat' dir='ltr'><strong>esse</strong></span> <span class='ocrx_word' id='word_1_39' title='bbox 633 2828 725 2887; x_wconf 85' lang='lat' dir='ltr'><strong>soiet.</strong></span> <span class='ocrx_word' id='word_1_40' title='bbox 754 2823 814 2881; x_wconf 86' lang='lat' dir='ltr'><strong>Ubi</strong></span> <span class='ocrx_word' id='word_1_41' title='bbox 834 2822 930 2885; x_wconf 79' lang='lat' dir='ltr'><strong>vulnus</strong></span> <span class='ocrx_word' id='word_1_42' title='bbox 957 2808 1084 2879; x_wconf 77' lang='lat' dir='ltr'><strong>accessit,</strong></span> <span class='ocrx_word' id='word_1_43' title='bbox 1116 2806 1264 2887; x_wconf 84' lang='lat' dir='ltr'><strong>aliqnando</strong></span> <span class='ocrx_word' id='word_1_44' title='bbox 1284 2801 1435 2880; x_wconf 78' lang='lat' dir='ltr'><strong>superuenit</strong></span> 
     </span>
     <span class='ocr_line' id='line_1_6' title="bbox 417 2905 925 2996; baseline -0.047 -18"><span class='ocrx_word' id='word_1_45' title='bbox 417 2914 607 2996; x_wconf 85' lang='lat' dir='ltr'><strong>emphysema.</strong></span> <span class='ocrx_word' id='word_1_46' title='bbox 629 2920 717 2985; x_wconf 79' lang='lat'>(519.</span> <span class='ocrx_word' id='word_1_47' title='bbox 727 2913 794 2961; x_wconf 82' lang='lat'>621.</span> <span class='ocrx_word' id='word_1_48' title='bbox 809 2926 821 2959; x_wconf 89' lang='lat' dir='ltr'><strong>c</strong></span> <span class='ocrx_word' id='word_1_49' title='bbox 838 2905 925 2973; x_wconf 79' lang='lat'>644)</span> 
     </span>
    </p>
   </div>
   <div class='ocr_carea' id='block_1_2' title="bbox 417 2994 1446 3868">
    <p class='ocr_par' dir='ltr' id='par_1_3' title="bbox 417 2985 1446 3868">
     <span class='ocr_line' id='line_1_7' title="bbox 686 2994 1004 3049; baseline -0.017 -10"><span class='ocrx_word' id='word_1_50' title='bbox 686 3044 689 3048; x_wconf 52' lang='grc'><strong><em>,</em></strong></span> <span class='ocrx_word' id='word_1_51' title='bbox 865 2994 881 3049; x_wconf 83' lang='lat'><em>§</em></span> <span class='ocrx_word' id='word_1_52' title='bbox 921 2997 1004 3049; x_wconf 81' lang='lat'>1259.</span> 
     </span>
     <span class='ocr_line' id='line_1_8' title="bbox 418 3049 1438 3157; baseline -0.034 -17"><span class='ocrx_word' id='word_1_53' title='bbox 418 3127 421 3132; x_wconf 90' lang='lat'>.</span> <span class='ocrx_word' id='word_1_54' title='bbox 460 3085 620 3157; x_wconf 79' lang='lat' dir='ltr'>Fragmenta</span> <span class='ocrx_word' id='word_1_55' title='bbox 641 3071 694 3131; x_wconf 87' lang='lat' dir='ltr'><strong>suis</strong></span> <span class='ocrx_word' id='word_1_56' title='bbox 716 3068 822 3127; x_wconf 85' lang='lat' dir='ltr'><strong>sedibus</strong></span> <span class='ocrx_word' id='word_1_57' title='bbox 851 3082 923 3122; x_wconf 83' lang='lat' dir='ltr'><strong>mota</strong></span> <span class='ocrx_word' id='word_1_58' title='bbox 944 3061 1044 3136; x_wconf 75' lang='lat' dir='ltr'><strong>digitis</strong></span> <span class='ocrx_word' id='word_1_59' title='bbox 1062 3056 1246 3134; x_wconf 75' lang='lat' dir='ltr'><strong>¹prementibus</strong></span> <span class='ocrx_word' id='word_1_60' title='bbox 1269 3049 1438 3133; x_wconf 83' lang='lat' dir='ltr'><strong>recondenda</strong></span> 
     </span>
     <span class='ocr_line' id='line_1_9' title="bbox 422 3133 1438 3235; baseline -0.034 -14"><span class='ocrx_word' id='word_1_61' title='bbox 422 3162 501 3230; x_wconf 73' lang='lat' dir='ltr'><strong>sunt,</strong></span> <span class='ocrx_word' id='word_1_62' title='bbox 518 3161 557 3217; x_wconf 75' lang='lat' dir='ltr'><strong>&#39;ad</strong></span> <span class='ocrx_word' id='word_1_63' title='bbox 578 3157 652 3235; x_wconf 89' lang='lat' dir='ltr'><strong>quod</strong></span> <span class='ocrx_word' id='word_1_64' title='bbox 672 3148 908 3213; x_wconf 55' lang='lat' dir='ltr'><strong>necessariorum,</strong></span> <span class='ocrx_word' id='word_1_65' title='bbox 930 3161 973 3208; x_wconf 87' lang='lat' dir='ltr'><strong>ut,</strong></span> <span class='ocrx_word' id='word_1_66' title='bbox 994 3158 1126 3217; x_wconf 84' lang='lat' dir='ltr'><strong>quantum</strong></span> <span class='ocrx_word' id='word_1_67' title='bbox 1143 3138 1200 3198; x_wconf 82' lang='lat' dir='ltr'><strong>fieri</strong></span> <span class='ocrx_word' id='word_1_68' title='bbox 1221 3134 1320 3213; x_wconf 77' lang='lat' dir='ltr'><strong>potest,</strong></span> <span class='ocrx_word' id='word_1_69' title='bbox 1341 3133 1438 3189; x_wconf 83' lang='lat' dir='ltr'><strong>hume·</strong></span> 
     </span>
     <span class='ocr_line' id='line_1_10' title="bbox 423 3212 1439 3315; baseline -0.033 -14"><span class='ocrx_word' id='word_1_70' title='bbox 423 3265 471 3301; x_wconf 90' lang='lat' dir='ltr'><strong>rus</strong></span> <span class='ocrx_word' id='word_1_71' title='bbox 492 3245 520 3298; x_wconf 88' lang='lat' dir='ltr'><strong>in</strong></span> <span class='ocrx_word' id='word_1_72' title='bbox 541 3257 643 3315; x_wconf 89' lang='lat' dir='ltr'><strong>partem</strong></span> <span class='ocrx_word' id='word_1_73' title='bbox 664 3237 779 3310; x_wconf 83' lang='lat' dir='ltr'><strong>priorem</strong></span> <span class='ocrx_word' id='word_1_74' title='bbox 802 3228 1013 3298; x_wconf 84' lang='lat' dir='ltr'><strong>inferioremque</strong></span> <span class='ocrx_word' id='word_1_75' title='bbox 1034 3223 1203 3297; x_wconf 80' lang='lat' dir='ltr'><strong>porrigatur,</strong></span> <span class='ocrx_word' id='word_1_76' title='bbox 1225 3221 1280 3284; x_wconf 79' lang='lat' dir='ltr'><strong>ita,</strong></span> <span class='ocrx_word' id='word_1_77' title='bbox 1302 3233 1331 3271; x_wconf 91' lang='lat' dir='ltr'><strong>ut</strong></span> <span class='ocrx_word' id='word_1_78' title='bbox 1349 3212 1439 3269; x_wconf 88' lang='lat' dir='ltr'><strong>homi-</strong></span> 
     </span>
     <span class='ocr_line' id='line_1_11' title="bbox 419 3295 1441 3383; baseline -0.034 -2"><span class='ocrx_word' id='word_1_79' title='bbox 419 3327 466 3383; x_wconf 85' lang='lat' dir='ltr'><strong>nis</strong></span> <span class='ocrx_word' id='word_1_80' title='bbox 487 3322 595 3378; x_wconf 87' lang='lat' dir='ltr'><strong>cubitus</strong></span> <span class='ocrx_word' id='word_1_81' title='bbox 616 3313 679 3373; x_wconf 87' lang='lat' dir='ltr'><strong>naso</strong></span> <span class='ocrx_word' id='word_1_82' title='bbox 702 3309 826 3369; x_wconf 83' lang='lat' dir='ltr'><strong>adversus</strong></span> <span class='ocrx_word' id='word_1_83' title='bbox 848 3309 879 3363; x_wconf 87' lang='lat' dir='ltr'><strong>fit</strong></span> <span class='ocrx_word' id='word_1_84' title='bbox 899 3351 905 3362; x_wconf 88' lang='lat'><strong>.</strong></span> <span class='ocrx_word' id='word_1_85' title='bbox 928 3305 1052 3365; x_wconf 77' lang='lat' dir='ltr'><strong>Minister</strong></span> <span class='ocrx_word' id='word_1_86' title='bbox 1073 3308 1111 3359; x_wconf 84' lang='lat' dir='ltr'><strong>ita</strong></span> <span class='ocrx_word' id='word_1_87' title='bbox 1133 3304 1268 3359; x_wconf 85' lang='lat' dir='ltr'><strong>continere</strong></span> <span class='ocrx_word' id='word_1_88' title='bbox 1289 3297 1369 3352; x_wconf 83' lang='lat' dir='ltr'><strong>dehet</strong></span> <span class='ocrx_word' id='word_1_89' title='bbox 1389 3295 1441 3348; x_wconf 78' lang='lat' dir='ltr'><strong>hn-</strong></span> 
     </span>
     <span class='ocr_line' id='line_1_12' title="bbox 423 3375 1441 3477; baseline -0.03 -16"><span class='ocrx_word' id='word_1_90' title='bbox 423 3400 546 3469; x_wconf 71' lang='lat' dir='ltr'><strong>menim,</strong></span> <span class='ocrx_word' id='word_1_91' title='bbox 566 3418 621 3477; x_wconf 92' lang='lat' dir='ltr'><strong>qno</strong></span> <span class='ocrx_word' id='word_1_92' title='bbox 642 3398 784 3470; x_wconf 86' lang='lat' dir='ltr'><strong>chirurgus</strong></span> <span class='ocrx_word' id='word_1_93' title='bbox 805 3411 852 3458; x_wconf 85' lang='lat' dir='ltr'><strong>ea,</strong></span> <span class='ocrx_word' id='word_1_94' title='bbox 873 3408 933 3466; x_wconf 83' lang='lat' dir='ltr'><strong>quac</strong></span> <span class='ocrx_word' id='word_1_95' title='bbox 953 3384 1043 3444; x_wconf 86' lang='lat' dir='ltr'><strong>emota</strong></span> <span class='ocrx_word' id='word_1_96' title='bbox 1066 3382 1142 3451; x_wconf 80' lang='lat' dir='ltr'><strong>sunt,</strong></span> <span class='ocrx_word' id='word_1_97' title='bbox 1164 3387 1192 3438; x_wconf 91' lang='lat' dir='ltr'><strong>in</strong></span> <span class='ocrx_word' id='word_1_98' title='bbox 1213 3379 1293 3449; x_wconf 82' lang='lat' dir='ltr'><strong>sedcsj</strong></span> <span class='ocrx_word' id='word_1_99' title='bbox 1310 3375 1441 3439; x_wconf 56' lang='lat' dir='ltr'><strong>snas-dae</strong></span> 
     </span>
     <span class='ocr_line' id='line_1_13' title="bbox 421 3460 1441 3559; baseline -0.032 -15"><span class='ocrx_word' id='word_1_100' title='bbox 421 3506 452 3544; x_wconf 68' lang='lat' dir='ltr'><strong>‘re</strong></span> <span class='ocrx_word' id='word_1_101' title='bbox 473 3481 565 3559; x_wconf 74' lang='lat' dir='ltr'><strong>poisat.</strong></span> <span class='ocrx_word' id='word_1_102' title='bbox 588 3478 729 3537; x_wconf 83' lang='lat' dir='ltr'><strong>Interdum</strong></span> <span class='ocrx_word' id='word_1_103' title='bbox 749 3493 813 3532; x_wconf 89' lang='lat' dir='ltr'><strong>vero</strong></span> <span class='ocrx_word' id='word_1_104' title='bbox 835 3492 877 3528; x_wconf 85' lang='lat' dir='ltr'><strong>res</strong></span> <span class='ocrx_word' id='word_1_105' title='bbox 899 3470 990 3545; x_wconf 79' lang='lat' dir='ltr'><strong>cogit,</strong></span> <span class='ocrx_word' id='word_1_106' title='bbox 1011 3467 1128 3523; x_wconf 82' lang='lat' dir='ltr'><strong>incidere</strong></span> <span class='ocrx_word' id='word_1_107' title='bbox 1150 3461 1275 3538; x_wconf 75' lang='lat' dir='ltr'><strong>scalpeiio</strong></span> <span class='ocrx_word' id='word_1_108' title='bbox 1290 3462 1394 3523; x_wconf 77' lang='lat' dir='ltr'><strong>cutim,</strong></span> <span class='ocrx_word' id='word_1_109' title='bbox 1415 3460 1441 3513; x_wconf 72' lang='grc' dir='ltr'><strong>δε</strong></span> 
     </span>
     <span class='ocr_line' id='line_1_14' title="bbox 417 3539 1443 3642; baseline -0.027 -21"><span class='ocrx_word' id='word_1_110' title='bbox 417 3566 578 3642; x_wconf 70' lang='lat' dir='ltr'><strong>„fragmenta</strong></span> <span class='ocrx_word' id='word_1_111' title='bbox 598 3560 753 3619; x_wconf 83' lang='lat' dir='ltr'><strong>extrahere.</strong></span> <span class='ocrx_word' id='word_1_112' title='bbox 775 3550 988 3629; x_wconf 77' lang='lat' dir='ltr'><strong>Superimposrtis</strong></span> <span class='ocrx_word' id='word_1_113' title='bbox 1009 3549 1114 3604; x_wconf 86' lang='lat' dir='ltr'><strong>idoneis</strong></span> <span class='ocrx_word' id='word_1_114' title='bbox 1134 3539 1362 3617; x_wconf 82' lang='lat' dir='ltr'><strong>densioribusque</strong></span> <span class='ocrx_word' id='word_1_115' title='bbox 1375 3556 1443 3615; x_wconf 87' lang='lat' dir='ltr'><strong>pan·</strong></span> 
     </span>
     <span class='ocr_line' id='line_1_15' title="bbox 427 3621 1444 3713; baseline -0.029 -8"><span class='ocrx_word' id='word_1_116' title='bbox 427 3643 573 3705; x_wconf 75' lang='lat' dir='ltr'><strong>nissascia</strong></span> <span class='ocrx_word' id='word_1_117' title='bbox 595 3642 729 3713; x_wconf 74' lang='lat' dir='ltr'><strong>injicitur,</strong></span> <span class='ocrx_word' id='word_1_118' title='bbox 750 3636 940 3694; x_wconf 84' lang='lat' dir='ltr'><strong>&amp;brachium</strong></span> <span class='ocrx_word' id='word_1_119' title='bbox 961 3633 1000 3686; x_wconf 91' lang='lat' dir='ltr'><strong>ita</strong></span> <span class='ocrx_word' id='word_1_120' title='bbox 1022 3630 1057 3684; x_wconf 88' lang='lat' dir='ltr'><strong>ad</strong></span> <span class='ocrx_word' id='word_1_121' title='bbox 1077 3631 1148 3684; x_wconf 84' lang='lat' dir='ltr'><strong>latus</strong></span> <span class='ocrx_word' id='word_1_122' title='bbox 1170 3627 1375 3701; x_wconf 57' lang='lat' dir='ltr'><strong>designamur</strong></span> <span class='ocrx_word' id='word_1_123' title='bbox 1391 3621 1444 3681; x_wconf 53' lang='lat' dir='ltr'><strong>hue</strong></span> 
     </span>
     <span class='ocr_line' id='line_1_16' title="bbox 425 3708 1445 3800; baseline -0.029 -13"><span class='ocrx_word' id='word_1_124' title='bbox 425 3745 516 3787; x_wconf 84' lang='lat' dir='ltr'><strong>merus</strong></span> <span class='ocrx_word' id='word_1_125' title='bbox 538 3722 675 3800; x_wconf 88' lang='lat' dir='ltr'><strong>supremus</strong></span> <span class='ocrx_word' id='word_1_126' title='bbox 692 3723 725 3782; x_wconf 83' lang='lat' dir='ltr'><strong>&#39;in</strong></span> <span class='ocrx_word' id='word_1_127' title='bbox 746 3720 863 3793; x_wconf 85' lang='lat' dir='ltr'><strong>priorem</strong></span> <span class='ocrx_word' id='word_1_128' title='bbox 884 3710 1170 3790; x_wconf 21' lang='lat' dir='ltr'><strong>partem-adducatur,</strong></span> <span class='ocrx_word' id='word_1_129' title='bbox 1190 3708 1299 3765; x_wconf 85' lang='lat' dir='ltr'><strong>cubitus</strong></span> <span class='ocrx_word' id='word_1_130' title='bbox 1320 3722 1385 3760; x_wconf 88' lang='lat' dir='ltr'><strong>vero</strong></span> <span class='ocrx_word' id='word_1_131' title='bbox 1402 3722 1445 3759; x_wconf 88' lang='lat' dir='ltr'><strong>re-</strong></span> 
     </span>
     <span class='ocr_line' id='line_1_17' title="bbox 424 3799 1446 3868; baseline -0.029 -2"><span class='ocrx_word' id='word_1_132' title='bbox 424 3826 470 3868; x_wconf 88' lang='lat' dir='ltr'><strong>tro</strong></span> <span class='ocrx_word' id='word_1_133' title='bbox 490 3808 582 3862; x_wconf 89' lang='lat' dir='ltr'><strong>detur.</strong></span> <span class='ocrx_word' id='word_1_134' title='bbox 1213 3818 1216 3823; x_wconf 59' lang='grc'><strong>«</strong></span> <span class='ocrx_word' id='word_1_135' title='bbox 1252 3799 1255 3803; x_wconf 88' lang='grc'><strong>“</strong></span> <span class='ocrx_word' id='word_1_136' title='bbox 1371 3841 1373 3844; x_wconf 69' lang='grc'><em>,</em></span> <span class='ocrx_word' id='word_1_137' title='bbox 1443 3816 1446 3836; x_wconf 71' lang='lat' dir='ltr'><strong>t</strong></span> 
     </span>
    </p>
   </div>
   <div class='ocr_carea' id='block_1_3' title="bbox 423 3882 1448 4081">
    <p class='ocr_par' dir='ltr' id='par_1_4' title="bbox 423 3882 1448 4081">
     <span class='ocr_line' id='line_1_18' title="bbox 425 3882 1443 3955; baseline -0.025 -5"><span class='ocrx_word' id='word_1_138' title='bbox 425 3933 427 3935; x_wconf 88' lang='lat'>·</span> <span class='ocrx_word' id='word_1_139' title='bbox 455 3920 469 3949; x_wconf 77' lang='lat' dir='ltr'><strong>a</strong></span> <span class='ocrx_word' id='word_1_140' title='bbox 485 3904 508 3951; x_wconf 83' lang='lat' dir='ltr'><strong>si</strong></span> <span class='ocrx_word' id='word_1_141' title='bbox 524 3903 604 3949; x_wconf 84' lang='lat' dir='ltr'><strong>dextra</strong></span> <span class='ocrx_word' id='word_1_142' title='bbox 618 3897 729 3955; x_wconf 82' lang='lat' dir='ltr'><strong>omoplata</strong></span> <span class='ocrx_word' id='word_1_143' title='bbox 744 3893 813 3941; x_wconf 66' lang='lat' dir='ltr'><strong>frasta</strong></span> <span class='ocrx_word' id='word_1_144' title='bbox 828 3893 863 3940; x_wconf 87' lang='lat' dir='ltr'><strong>est</strong></span> <span class='ocrx_word' id='word_1_145' title='bbox 881 3886 973 3947; x_wconf 77' lang='lat' dir='ltr'><strong>,fascia</strong></span> <span class='ocrx_word' id='word_1_146' title='bbox 989 3887 1089 3945; x_wconf 86' lang='lat' dir='ltr'><strong>primum</strong></span> <span class='ocrx_word' id='word_1_147' title='bbox 1105 3885 1196 3933; x_wconf 87' lang='lat' dir='ltr'><strong>subala</strong></span> <span class='ocrx_word' id='word_1_148' title='bbox 1212 3883 1299 3930; x_wconf 79' lang='lat' dir='ltr'><strong>sinistra</strong></span> <span class='ocrx_word' id='word_1_149' title='bbox 1314 3882 1443 3937; x_wconf 81' lang='lat' dir='ltr'><strong>obvoluta,</strong></span> 
     </span>
     <span class='ocr_line' id='line_1_19' title="bbox 423 3941 1448 4023; baseline -0.024 -13"><span class='ocrx_word' id='word_1_150' title='bbox 423 3979 468 4023; x_wconf 78' lang='lat' dir='ltr'><strong>per</strong></span> <span class='ocrx_word' id='word_1_151' title='bbox 482 3960 560 4021; x_wconf 77' lang='lat' dir='ltr'><strong>penus</strong></span> <span class='ocrx_word' id='word_1_152' title='bbox 575 3955 746 4017; x_wconf 84' lang='lat' dir='ltr'><strong>superhumeri</strong></span> <span class='ocrx_word' id='word_1_153' title='bbox 761 3954 837 4001; x_wconf 82' lang='lat' dir='ltr'><strong>dextri</strong></span> <span class='ocrx_word' id='word_1_154' title='bbox 860 3962 927 4007; x_wconf 84' lang='lat' dir='ltr'><strong>capnt</strong></span> <span class='ocrx_word' id='word_1_155' title='bbox 941 3949 1035 4004; x_wconf 86' lang='lat' dir='ltr'><strong>fertur,</strong></span> <span class='ocrx_word' id='word_1_156' title='bbox 1058 3946 1118 4004; x_wconf 83' lang='lat' dir='ltr'><strong>qnod</strong></span> <span class='ocrx_word' id='word_1_157' title='bbox 1142 3942 1340 4002; x_wconf 83' lang='lat' dir='ltr'><strong>comprehendit,</strong></span> <span class='ocrx_word' id='word_1_158' title='bbox 1363 3941 1387 3987; x_wconf 74' lang='grc' dir='ltr'><strong>δε</strong></span> <span class='ocrx_word' id='word_1_159' title='bbox 1405 3954 1448 3997; x_wconf 89' lang='lat' dir='ltr'><strong>per·</strong></span> 
     </span>
     <span class='ocr_line' id='line_1_20' title="bbox 428 3997 1446 4081; baseline -0.025 -13"><span class='ocrx_word' id='word_1_160' title='bbox 428 4021 507 4081; x_wconf 70' lang='lat' dir='ltr'><strong>petius</strong></span> <span class='ocrx_word' id='word_1_161' title='bbox 522 4020 604 4066; x_wconf 83' lang='lat' dir='ltr'><strong>eadem</strong></span> <span class='ocrx_word' id='word_1_162' title='bbox 619 4018 704 4063; x_wconf 85' lang='lat' dir='ltr'><strong>ratione</strong></span> <span class='ocrx_word' id='word_1_163' title='bbox 719 4014 747 4060; x_wconf 86' lang='lat' dir='ltr'><strong>ad</strong></span> <span class='ocrx_word' id='word_1_164' title='bbox 763 4010 945 4069; x_wconf 84' lang='lat' dir='ltr'><strong>alamfinistram</strong></span> <span class='ocrx_word' id='word_1_165' title='bbox 960 4006 1050 4053; x_wconf 77' lang='lat' dir='ltr'><strong>rendit.</strong></span> <span class='ocrx_word' id='word_1_166' title='bbox 1067 4005 1107 4050; x_wconf 89' lang='lat' dir='ltr'><strong>Bis</strong></span> <span class='ocrx_word' id='word_1_167' title='bbox 1127 4005 1158 4049; x_wconf 87' lang='lat' dir='ltr'><strong>ita</strong></span> <span class='ocrx_word' id='word_1_168' title='bbox 1173 4002 1351 4059; x_wconf 74' lang='lat' dir='ltr'><strong>circumagitur,</strong></span> <span class='ocrx_word' id='word_1_169' title='bbox 1367 4000 1392 4045; x_wconf 73' lang='grc' dir='ltr'><strong>δε</strong></span> <span class='ocrx_word' id='word_1_170' title='bbox 1401 3997 1446 4044; x_wconf 66' lang='lat' dir='ltr'><strong>hu-&#39;</strong></span> 
     </span>
    </p>
   </div>
   <div class='ocr_carea' id='block_1_4' title="bbox 1196 4063 1203 4070">
    <p class='ocr_par' dir='ltr' id='par_1_5' title="bbox 1196 4063 1203 4070">
     <span class='ocr_line' id='line_1_21' title="bbox 1196 4063 1203 4070; baseline 0 0"><span class='ocrx_word' id='word_1_171' title='bbox 1196 4063 1203 4070; x_wconf 55' lang='lat' dir='ltr'><strong>a</strong></span> 
     </span>
    </p>
   </div>
   <div class='ocr_carea' id='block_1_5' title="bbox 428 4057 1446 4135">
    <p class='ocr_par' dir='ltr' id='par_1_6' title="bbox 428 4057 1446 4135">
     <span class='ocr_line' id='line_1_22' title="bbox 428 4057 1446 4135; baseline -0.024 -9"><span class='ocrx_word' id='word_1_172' title='bbox 428 4080 487 4127; x_wconf 86' lang='lat' dir='ltr'><strong>meri</strong></span> <span class='ocrx_word' id='word_1_173' title='bbox 503 4081 529 4125; x_wconf 87' lang='lat' dir='ltr'><strong>in</strong></span> <span class='ocrx_word' id='word_1_174' title='bbox 545 4078 641 4135; x_wconf 84' lang='lat' dir='ltr'><strong>priorem</strong></span> <span class='ocrx_word' id='word_1_175' title='bbox 657 4086 744 4132; x_wconf 86' lang='lat' dir='ltr'><strong>partem</strong></span> <span class='ocrx_word' id='word_1_176' title='bbox 758 4069 924 4116; x_wconf 85' lang='lat' dir='ltr'><strong>attrahuntur.</strong></span> <span class='ocrx_word' id='word_1_177' title='bbox 951 4066 1058 4112; x_wconf 83' lang='lat' dir='ltr'><strong>Tandem</strong></span> <span class='ocrx_word' id='word_1_178' title='bbox 1073 4078 1148 4121; x_wconf 83' lang='lat' dir='ltr'><strong>vero,</strong></span> <span class='ocrx_word' id='word_1_179' title='bbox 1166 4063 1235 4109; x_wconf 82' lang='lat' dir='ltr'><strong>fascia</strong></span> <span class='ocrx_word' id='word_1_180' title='bbox 1252 4060 1344 4106; x_wconf 89' lang='lat' dir='ltr'><strong>humeri</strong></span> <span class='ocrx_word' id='word_1_181' title='bbox 1361 4057 1446 4103; x_wconf 78' lang='lat' dir='ltr'><strong>sinistri</strong></span> 
     </span>
    </p>
   </div>
   <div class='ocr_carea' id='block_1_6' title="bbox 427 4116 1447 4424">
    <p class='ocr_par' dir='ltr' id='par_1_7' title="bbox 427 4116 1446 4195">
     <span class='ocr_line' id='line_1_23' title="bbox 427 4116 1446 4195; baseline -0.023 -10"><span class='ocrx_word' id='word_1_182' title='bbox 427 4152 496 4195; x_wconf 88' lang='lat' dir='ltr'><strong>caput</strong></span> <span class='ocrx_word' id='word_1_183' title='bbox 511 4136 633 4193; x_wconf 77' lang='lat' dir='ltr'><strong>amplexa,</strong></span> <span class='ocrx_word' id='word_1_184' title='bbox 647 4134 677 4179; x_wconf 87' lang='lat' dir='ltr'><strong>ad</strong></span> <span class='ocrx_word' id='word_1_185' title='bbox 692 4130 815 4187; x_wconf 72' lang='lat' dir='ltr'><strong>omoplatas</strong></span> <span class='ocrx_word' id='word_1_186' title='bbox 831 4128 906 4175; x_wconf 88' lang='lat' dir='ltr'><strong>tendit</strong></span> <span class='ocrx_word' id='word_1_187' title='bbox 922 4126 1006 4184; x_wconf 83' lang='lat' dir='ltr'><strong>,circa</strong></span> <span class='ocrx_word' id='word_1_188' title='bbox 1021 4139 1077 4181; x_wconf 87' lang='lat' dir='ltr'><strong>quas</strong></span> <span class='ocrx_word' id='word_1_189' title='bbox 1091 4123 1173 4169; x_wconf 87' lang='lat' dir='ltr'><strong>eadem</strong></span> <span class='ocrx_word' id='word_1_190' title='bbox 1189 4121 1276 4167; x_wconf 87' lang='lat' dir='ltr'><strong>ratione</strong></span> <span class='ocrx_word' id='word_1_191' title='bbox 1291 4119 1318 4164; x_wconf 70' lang='lat' dir='ltr'><strong>&amp;r</strong></span> <span class='ocrx_word' id='word_1_192' title='bbox 1331 4117 1398 4176; x_wconf 77' lang='lat' dir='ltr'><strong>paulo</strong></span> <span class='ocrx_word' id='word_1_193' title='bbox 1413 4116 1446 4162; x_wconf 86' lang='lat' dir='ltr'><strong>la-</strong></span> 
     </span>
    </p>

    <p class='ocr_par' dir='ltr' id='par_1_8' title="bbox 428 4179 1445 4250">
     <span class='ocr_line' id='line_1_24' title="bbox 428 4179 1445 4250; baseline -0.021 -9"><span class='ocrx_word' id='word_1_194' title='bbox 428 4198 479 4250; x_wconf 76' lang='lat' dir='ltr'><strong>xior</strong></span> <span class='ocrx_word' id='word_1_195' title='bbox 494 4194 679 4250; x_wconf 77' lang='lat' dir='ltr'><strong>circumagitur,</strong></span> <span class='ocrx_word' id='word_1_196' title='bbox 694 4204 722 4235; x_wconf 89' lang='lat' dir='ltr'><strong>ut</strong></span> <span class='ocrx_word' id='word_1_197' title='bbox 736 4204 773 4234; x_wconf 84' lang='lat' dir='ltr'><strong>eas</strong></span> <span class='ocrx_word' id='word_1_198' title='bbox 789 4198 893 4243; x_wconf 77' lang='lat' dir='ltr'><strong>contegat</strong></span> <span class='ocrx_word' id='word_1_199' title='bbox 908 4221 916 4241; x_wconf 84' lang='lat'>,</span> <span class='ocrx_word' id='word_1_200' title='bbox 932 4184 955 4229; x_wconf 68' lang='grc' dir='ltr'><strong>ἃ</strong></span> <span class='ocrx_word' id='word_1_201' title='bbox 971 4198 1058 4240; x_wconf 84' lang='lat' dir='ltr'><strong>pannos</strong></span> <span class='ocrx_word' id='word_1_202' title='bbox 1072 4181 1186 4239; x_wconf 81' lang='lat' dir='ltr'><strong>impositos</strong></span> <span class='ocrx_word' id='word_1_203' title='bbox 1201 4179 1317 4226; x_wconf 85' lang='lat' dir='ltr'><strong>contineat</strong></span> <span class='ocrx_word' id='word_1_204' title='bbox 1333 4210 1338 4221; x_wconf 85' lang='lat'><strong>.</strong></span> <span class='ocrx_word' id='word_1_205' title='bbox 1357 4182 1445 4233; x_wconf 83' lang='lat' dir='ltr'><strong>Hume-</strong></span> 
     </span>
    </p>

    <p class='ocr_par' dir='ltr' id='par_1_9' title="bbox 432 4236 1447 4301">
     <span class='ocr_line' id='line_1_25' title="bbox 432 4236 1447 4301; baseline -0.023 0"><span class='ocrx_word' id='word_1_206' title='bbox 432 4270 470 4300; x_wconf 78' lang='lat' dir='ltr'><strong>ms</strong></span> <span class='ocrx_word' id='word_1_207' title='bbox 485 4265 564 4299; x_wconf 85' lang='lat' dir='ltr'><strong>autem</strong></span> <span class='ocrx_word' id='word_1_208' title='bbox 578 4250 647 4295; x_wconf 81' lang='lat' dir='ltr'><strong>fascia</strong></span> <span class='ocrx_word' id='word_1_209' title='bbox 662 4249 690 4293; x_wconf 88' lang='lat' dir='ltr'><strong>ad</strong></span> <span class='ocrx_word' id='word_1_210' title='bbox 706 4248 780 4301; x_wconf 83' lang='lat' dir='ltr'><strong>latus,</strong></span> <span class='ocrx_word' id='word_1_211' title='bbox 796 4245 821 4290; x_wconf 71' lang='lat' dir='ltr'><strong>dc</strong></span> <span class='ocrx_word' id='word_1_212' title='bbox 837 4243 964 4301; x_wconf 85' lang='lat' dir='ltr'><strong>brachium</strong></span> <span class='ocrx_word' id='word_1_213' title='bbox 972 4241 1060 4286; x_wconf 80' lang='lat' dir='ltr'><strong>mitella</strong></span> <span class='ocrx_word' id='word_1_214' title='bbox 1075 4242 1104 4286; x_wconf 88' lang='lat' dir='ltr'><strong>ad</strong></span> <span class='ocrx_word' id='word_1_215' title='bbox 1119 4240 1258 4295; x_wconf 77' lang='lat' dir='ltr'><strong>cervicem,</strong></span> <span class='ocrx_word' id='word_1_216' title='bbox 1275 4236 1370 4294; x_wconf 81' lang='lat' dir='ltr'><strong>deligari</strong></span> <span class='ocrx_word' id='word_1_217' title='bbox 1384 4249 1426 4293; x_wconf 87' lang='lat' dir='ltr'><strong>opo</strong></span> <span class='ocrx_word' id='word_1_218' title='bbox 1436 4261 1447 4271; x_wconf 89' lang='lat'>-</span> 
     </span>
    </p>

    <p class='ocr_par' dir='ltr' id='par_1_10' title="bbox 427 4299 1410 4424">
     <span class='ocr_line' id='line_1_26' title="bbox 427 4299 1410 4369; baseline -0.024 -11"><span class='ocrx_word' id='word_1_219' title='bbox 427 4323 482 4369; x_wconf 77' lang='lat' dir='ltr'><strong>tet,</strong></span> <span class='ocrx_word' id='word_1_220' title='bbox 497 4322 524 4356; x_wconf 91' lang='lat' dir='ltr'><strong>ut</strong></span> <span class='ocrx_word' id='word_1_221' title='bbox 538 4306 669 4355; x_wconf 86' lang='lat' dir='ltr'><strong>membrum</strong></span> <span class='ocrx_word' id='word_1_222' title='bbox 685 4306 732 4351; x_wconf 80' lang='lat' dir='ltr'><strong>stne</strong></span> <span class='ocrx_word' id='word_1_223' title='bbox 747 4303 810 4349; x_wconf 89' lang='lat' dir='ltr'><strong>omni</strong></span> <span class='ocrx_word' id='word_1_224' title='bbox 825 4302 947 4360; x_wconf 78' lang='lat' dir='ltr'><strong>agitatione</strong></span> <span class='ocrx_word' id='word_1_225' title='bbox 962 4299 1120 4345; x_wconf 86' lang='lat' dir='ltr'><strong>contineatur.</strong></span> <span class='ocrx_word' id='word_1_226' title='bbox 1408 4332 1410 4334; x_wconf 76' lang='grc'><strong>,</strong></span> 
     </span>
     <span class='ocr_line' id='line_1_27' title="bbox 880 4366 1014 4424; baseline 0 -12"><span class='ocrx_word' id='word_1_227' title='bbox 880 4371 904 4424; x_wconf 80' lang='lat'><strong>§.</strong></span> <span class='ocrx_word' id='word_1_228' title='bbox 931 4366 1014 4412; x_wconf 85' lang='lat'>1260.</span> 
     </span>
    </p>
   </div>
   <div class='ocr_carea' id='block_1_7' title="bbox 364 4434 1460 5666">
    <p class='ocr_par' dir='ltr' id='par_1_11' title="bbox 364 4434 1450 5076">
     <span class='ocr_line' id='line_1_28' title="bbox 471 4434 1448 4523; baseline -0.014 -17"><span class='ocrx_word' id='word_1_229' title='bbox 471 4454 503 4506; x_wconf 87' lang='lat' dir='ltr'><strong>In</strong></span> <span class='ocrx_word' id='word_1_230' title='bbox 523 4447 629 4523; x_wconf 80' lang='lat' dir='ltr'><strong>scapula</strong></span> <span class='ocrx_word' id='word_1_231' title='bbox 651 4447 732 4499; x_wconf 88' lang='lat' dir='ltr'><strong>etiam</strong></span> <span class='ocrx_word' id='word_1_232' title='bbox 753 4444 809 4497; x_wconf 72' lang='lat' dir='ltr'><strong>iCt&#39;u</strong></span> <span class='ocrx_word' id='word_1_233' title='bbox 830 4441 908 4495; x_wconf 82' lang='lat' dir='ltr'><strong>iiiato</strong></span> <span class='ocrx_word' id='word_1_234' title='bbox 930 4438 1065 4511; x_wconf 85' lang='lat' dir='ltr'><strong>frangitur</strong></span> <span class='ocrx_word' id='word_1_235' title='bbox 1092 4438 1138 4494; x_wconf 85' lang='lat' dir='ltr'><strong>iile</strong></span> <span class='ocrx_word' id='word_1_236' title='bbox 1160 4440 1245 4507; x_wconf 76' lang='lat' dir='ltr'><strong>major</strong></span> <span class='ocrx_word' id='word_1_237' title='bbox 1265 4440 1300 4491; x_wconf 65' lang='grc' dir='ltr'><strong>,ἃ</strong></span> <span class='ocrx_word' id='word_1_238' title='bbox 1322 4434 1448 4492; x_wconf 87' lang='lat' dir='ltr'><strong>latescens</strong></span> 
     </span>
     <span class='ocr_line' id='line_1_29' title="bbox 429 4514 1450 4609; baseline -0.016 -19"><span class='ocrx_word' id='word_1_239' title='bbox 429 4527 579 4609; x_wconf 78' lang='lat' dir='ltr'><strong>processus,</strong></span> <span class='ocrx_word' id='word_1_240' title='bbox 602 4545 681 4603; x_wconf 87' lang='lat' dir='ltr'><strong>quem</strong></span> <span class='ocrx_word' id='word_1_241' title='bbox 703 4524 974 4580; x_wconf 88' lang='lat' dir='ltr'><strong>acromiumvocant.</strong></span> <span class='ocrx_word' id='word_1_242' title='bbox 998 4519 1085 4576; x_wconf 64' lang='lat' dir='ltr'><strong>Tadu</strong></span> <span class='ocrx_word' id='word_1_243' title='bbox 1102 4518 1132 4573; x_wconf 90' lang='lat' dir='ltr'><strong>id</strong></span> <span class='ocrx_word' id='word_1_244' title='bbox 1152 4514 1337 4592; x_wconf 81' lang='lat' dir='ltr'><strong>cognoscitur.</strong></span> <span class='ocrx_word' id='word_1_245' title='bbox 1353 4518 1450 4574; x_wconf 77' lang='lat' dir='ltr'><strong>-srhn-</strong></span> 
     </span>
     <span class='ocr_line' id='line_1_30' title="bbox 428 4597 1450 4686; baseline -0.018 -16"><span class='ocrx_word' id='word_1_246' title='bbox 428 4628 635 4686; x_wconf 82' lang='lat' dir='ltr'><strong>mernsparum</strong></span> <span class='ocrx_word' id='word_1_247' title='bbox 657 4607 786 4670; x_wconf 72' lang='lat' dir='ltr'><strong>levatur,</strong></span> <span class='ocrx_word' id='word_1_248' title='bbox 808 4602 959 4678; x_wconf 84' lang='lat' dir='ltr'><strong>fragmenta</strong></span> <span class='ocrx_word' id='word_1_249' title='bbox 979 4601 1091 4675; x_wconf 86' lang='lat' dir='ltr'><strong>quidem</strong></span> <span class='ocrx_word' id='word_1_250' title='bbox 1113 4597 1192 4655; x_wconf 82' lang='lat' dir='ltr'><strong>facile</strong></span> <span class='ocrx_word' id='word_1_251' title='bbox 1213 4602 1420 4658; x_wconf 85' lang='lat' dir='ltr'><strong>committuntur</strong></span> <span class='ocrx_word' id='word_1_252' title='bbox 1441 4640 1450 4666; x_wconf 82' lang='grc'>,</span> 
     </span>
     <span class='ocr_line' id='line_1_31' title="bbox 429 4678 1450 4765; baseline -0.015 -14"><span class='ocrx_word' id='word_1_253' title='bbox 429 4690 721 4765; x_wconf 72' lang='lat' dir='ltr'><strong>muito‘facilinsvero</strong></span> <span class='ocrx_word' id='word_1_254' title='bbox 742 4688 840 4742; x_wconf 85' lang='lat' dir='ltr'><strong>iterum</strong></span> <span class='ocrx_word' id='word_1_255' title='bbox 850 4683 992 4740; x_wconf 82' lang='lat' dir='ltr'><strong>excidunt.</strong></span> <span class='ocrx_word' id='word_1_256' title='bbox 1014 4678 1106 4738; x_wconf 87' lang='lat' dir='ltr'><strong>Fascia</strong></span> <span class='ocrx_word' id='word_1_257' title='bbox 1128 4679 1271 4752; x_wconf 87' lang='lat' dir='ltr'><strong>injicienda</strong></span> <span class='ocrx_word' id='word_1_258' title='bbox 1292 4680 1345 4746; x_wconf 73' lang='lat' dir='ltr'><strong>est,</strong></span> <span class='ocrx_word' id='word_1_259' title='bbox 1367 4700 1450 4756; x_wconf 88' lang='lat' dir='ltr'><strong>quam</strong></span> 
     </span>
     <span class='ocr_line' id='line_1_32' title="bbox 364 4760 1450 4851; baseline -0.016 -17"><span class='ocrx_word' id='word_1_260' title='bbox 364 4808 366 4810; x_wconf 97' lang='lat'>·</span> <span class='ocrx_word' id='word_1_261' title='bbox 431 4775 513 4851; x_wconf 79' lang='lat' dir='ltr'><strong>supra</strong></span> <span class='ocrx_word' id='word_1_262' title='bbox 535 4774 629 4834; x_wconf 79' lang='lat' dir='ltr'><strong>luxato</strong></span> <span class='ocrx_word' id='word_1_263' title='bbox 650 4771 762 4825; x_wconf 86' lang='lat' dir='ltr'><strong>humero</strong></span> <span class='ocrx_word' id='word_1_264' title='bbox 784 4766 914 4837; x_wconf 85' lang='lat'>(1176.)</span> <span class='ocrx_word' id='word_1_265' title='bbox 936 4764 1060 4820; x_wconf 86' lang='lat' dir='ltr'><strong>idoneam</strong></span> <span class='ocrx_word' id='word_1_266' title='bbox 1082 4763 1158 4818; x_wconf 83' lang='lat' dir='ltr'><strong>dixi.</strong></span> <span class='ocrx_word' id='word_1_267' title='bbox 1181 4760 1450 4818; x_wconf 83' lang='lat' dir='ltr'><strong>Adcervicembra·</strong></span> 
     </span>
     <span class='ocr_line' id='line_1_33' title="bbox 432 4841 1450 4927; baseline -0.014 -13"><span class='ocrx_word' id='word_1_268' title='bbox 432 4858 526 4915; x_wconf 82' lang='lat' dir='ltr'><strong>chium</strong></span> <span class='ocrx_word' id='word_1_269' title='bbox 547 4854 627 4927; x_wconf 89' lang='lat' dir='ltr'><strong>paulo</strong></span> <span class='ocrx_word' id='word_1_270' title='bbox 648 4848 799 4907; x_wconf 71' lang='lat' dir='ltr'><strong>adstrictius</strong></span> <span class='ocrx_word' id='word_1_271' title='bbox 820 4852 847 4903; x_wconf 88' lang='lat'>&amp;</span> <span class='ocrx_word' id='word_1_272' title='bbox 870 4850 907 4903; x_wconf 87' lang='lat' dir='ltr'><strong>ita</strong></span> <span class='ocrx_word' id='word_1_273' title='bbox 928 4846 1102 4921; x_wconf 79' lang='lat' dir='ltr'><strong>deligandum</strong></span> <span class='ocrx_word' id='word_1_274' title='bbox 1117 4841 1382 4919; x_wconf 84' lang='lat' dir='ltr'><strong>suspendendumqne</strong></span> <span class='ocrx_word' id='word_1_275' title='bbox 1405 4844 1450 4910; x_wconf 69' lang='lat' dir='ltr'><strong>eit,</strong></span> 
     </span>
     <span class='ocr_line' id='line_1_34' title="bbox 432 4934 857 4996; baseline -0.026 0"><span class='ocrx_word' id='word_1_276' title='bbox 432 4956 465 4996; x_wconf 85' lang='lat' dir='ltr'><strong>ut</strong></span> <span class='ocrx_word' id='word_1_277' title='bbox 486 4934 554 4993; x_wconf 81' lang='lat' dir='ltr'><strong>iliud</strong></span> <span class='ocrx_word' id='word_1_278' title='bbox 576 4935 683 4991; x_wconf 82' lang='lat' dir='ltr'><strong>minime</strong></span> <span class='ocrx_word' id='word_1_279' title='bbox 704 4947 857 4988; x_wconf 84' lang='lat' dir='ltr'><strong>moveatur.</strong></span> 
     </span>
     <span class='ocr_line' id='line_1_35' title="bbox 433 5015 1450 5076; baseline -0.011 -8"><span class='ocrx_word' id='word_1_280' title='bbox 433 5064 437 5068; x_wconf 78' lang='grc'>.</span> <span class='ocrx_word' id='word_1_281' title='bbox 512 5037 514 5039; x_wconf 57' lang='grc'><strong><em>’</em></strong></span> <span class='ocrx_word' id='word_1_282' title='bbox 879 5020 904 5076; x_wconf 82' lang='lat'><strong>§.</strong></span> <span class='ocrx_word' id='word_1_283' title='bbox 930 5015 1015 5065; x_wconf 84' lang='lat'>1261.</span> <span class='ocrx_word' id='word_1_284' title='bbox 1448 5044 1450 5046; x_wconf 84' lang='lat'><em>-</em></span> 
     </span>
    </p>

    <p class='ocr_par' dir='ltr' id='par_1_12' title="bbox 432 5088 1460 5666">
     <span class='ocr_line' id='line_1_36' title="bbox 473 5088 1452 5172; baseline -0.014 -14"><span class='ocrx_word' id='word_1_285' title='bbox 473 5099 564 5159; x_wconf 80' lang='lat' dir='ltr'><strong>Costae</strong></span> <span class='ocrx_word' id='word_1_286' title='bbox 585 5098 627 5155; x_wconf 86' lang='lat' dir='ltr'><strong>vel</strong></span> <span class='ocrx_word' id='word_1_287' title='bbox 647 5096 736 5153; x_wconf 87' lang='lat' dir='ltr'><strong>media</strong></span> <span class='ocrx_word' id='word_1_288' title='bbox 756 5095 893 5172; x_wconf 86' lang='lat' dir='ltr'><strong>gihhaque</strong></span> <span class='ocrx_word' id='word_1_289' title='bbox 912 5109 989 5168; x_wconf 85' lang='lat' dir='ltr'><strong>parte</strong></span> <span class='ocrx_word' id='word_1_290' title='bbox 1006 5094 1045 5147; x_wconf 85' lang='lat' dir='ltr'><strong>ira</strong></span> <span class='ocrx_word' id='word_1_291' title='bbox 1066 5088 1244 5168; x_wconf 77' lang='lat' dir='ltr'><strong>franguntur,</strong></span> <span class='ocrx_word' id='word_1_292' title='bbox 1266 5107 1295 5147; x_wconf 87' lang='lat' dir='ltr'><strong>nt</strong></span> <span class='ocrx_word' id='word_1_293' title='bbox 1316 5089 1452 5165; x_wconf 86' lang='lat' dir='ltr'><strong>fragmen-</strong></span> 
     </span>
     <span class='ocr_line' id='line_1_37' title="bbox 438 5170 1453 5250; baseline -0.014 -11"><span class='ocrx_word' id='word_1_294' title='bbox 438 5200 483 5250; x_wconf 72' lang='lat' dir='ltr'><strong>ta,</strong></span> <span class='ocrx_word' id='word_1_295' title='bbox 505 5184 533 5237; x_wconf 89' lang='lat' dir='ltr'><strong>in</strong></span> <span class='ocrx_word' id='word_1_296' title='bbox 555 5178 847 5243; x_wconf 67' lang='lat' dir='ltr'><strong>interiorainclinata,</strong></span> <span class='ocrx_word' id='word_1_297' title='bbox 868 5176 989 5250; x_wconf 86' lang='lat' dir='ltr'><strong>pleuram</strong></span> <span class='ocrx_word' id='word_1_298' title='bbox 1010 5170 1160 5230; x_wconf 83' lang='lat' dir='ltr'><strong>offendant.</strong></span> <span class='ocrx_word' id='word_1_299' title='bbox 1181 5175 1397 5247; x_wconf 83' lang='lat' dir='ltr'><strong>Nonnumquam</strong></span> <span class='ocrx_word' id='word_1_300' title='bbox 1419 5170 1453 5226; x_wconf 85' lang='lat' dir='ltr'><strong>ii-</strong></span> 
     </span>
     <span class='ocr_line' id='line_1_38' title="bbox 437 5250 1453 5338; baseline -0.009 -19"><span class='ocrx_word' id='word_1_301' title='bbox 437 5264 469 5338; x_wconf 62' lang='lat' dir='ltr'><strong>1ae</strong></span> <span class='ocrx_word' id='word_1_302' title='bbox 490 5261 709 5338; x_wconf 67' lang='lat' dir='ltr'><strong>t&#39;otaeptrsraciae</strong></span> <span class='ocrx_word' id='word_1_303' title='bbox 731 5258 806 5325; x_wconf 79' lang='lat' dir='ltr'><strong>sunt,</strong></span> <span class='ocrx_word' id='word_1_304' title='bbox 828 5255 894 5333; x_wconf 77' lang='lat' dir='ltr'><strong>saepe</strong></span> <span class='ocrx_word' id='word_1_305' title='bbox 915 5273 1005 5313; x_wconf 88' lang='lat' dir='ltr'><strong>antem</strong></span> <span class='ocrx_word' id='word_1_306' title='bbox 1026 5274 1080 5312; x_wconf 88' lang='lat' dir='ltr'><strong>non</strong></span> <span class='ocrx_word' id='word_1_307' title='bbox 1101 5250 1308 5331; x_wconf 77' lang='lat' dir='ltr'><strong>suprema‚‘sed</strong></span> <span class='ocrx_word' id='word_1_308' title='bbox 1330 5256 1453 5323; x_wconf 68' lang='lat' dir='ltr'><strong>interior,</strong></span> 
     </span>
     <span class='ocr_line' id='line_1_39' title="bbox 436 5328 1453 5420; baseline -0.013 -18"><span class='ocrx_word' id='word_1_309' title='bbox 436 5363 530 5403; x_wconf 87' lang='lat' dir='ltr'><strong>earum</strong></span> <span class='ocrx_word' id='word_1_310' title='bbox 546 5358 629 5419; x_wconf 61' lang='lat' dir='ltr'><strong>&#39;’pars5</strong></span> <span class='ocrx_word' id='word_1_311' title='bbox 646 5361 708 5420; x_wconf 83' lang='lat' dir='ltr'><strong>quat</strong></span> <span class='ocrx_word' id='word_1_312' title='bbox 729 5361 800 5407; x_wconf 72' lang='lat' dir='ltr'><strong>rara</strong></span> <span class='ocrx_word' id='word_1_313' title='bbox 811 5339 848 5397; x_wconf 89' lang='lat' dir='ltr'><strong>est</strong></span> <span class='ocrx_word' id='word_1_314' title='bbox 865 5381 876 5407; x_wconf 79' lang='grc'>,</span> <span class='ocrx_word' id='word_1_315' title='bbox 896 5338 1021 5406; x_wconf 71' lang='lat' dir='ltr'><strong>laeditur,</strong></span> <span class='ocrx_word' id='word_1_316' title='bbox 1042 5341 1068 5394; x_wconf 74' lang='lat' dir='ltr'><strong>dt</strong></span> <span class='ocrx_word' id='word_1_317' title='bbox 1089 5335 1284 5412; x_wconf 46' lang='lat' dir='ltr'><strong>exasperatur.»</strong></span> <span class='ocrx_word' id='word_1_318' title='bbox 1298 5336 1385 5409; x_wconf 79' lang='lat' dir='ltr'><strong>Qud</strong></span> <span class='ocrx_word' id='word_1_319' title='bbox 1406 5328 1453 5389; x_wconf 86' lang='lat' dir='ltr'><strong>nbi</strong></span> 
     </span>
     <span class='ocr_line' id='line_1_40' title="bbox 437 5415 1456 5501; baseline -0.014 -18"><span class='ocrx_word' id='word_1_320' title='bbox 437 5426 552 5492; x_wconf 76' lang='lat' dir='ltr'><strong>incidit,</strong></span> <span class='ocrx_word' id='word_1_321' title='bbox 572 5427 660 5501; x_wconf 87' lang='lat' dir='ltr'><strong>gravis</strong></span> <span class='ocrx_word' id='word_1_322' title='bbox 682 5428 806 5481; x_wconf 81' lang='lat' dir='ltr'><strong>movetur</strong></span> <span class='ocrx_word' id='word_1_323' title='bbox 815 5423 1011 5486; x_wconf 77' lang='lat' dir='ltr'><strong>inflatnmari0‚</strong></span> <span class='ocrx_word' id='word_1_324' title='bbox 1031 5439 1113 5497; x_wconf 80' lang='lat' dir='ltr'><strong>quam</strong></span> <span class='ocrx_word' id='word_1_325' title='bbox 1124 5418 1207 5476; x_wconf 86' lang='lat' dir='ltr'><strong>febris</strong></span> <span class='ocrx_word' id='word_1_326' title='bbox 1230 5415 1371 5494; x_wconf 67' lang='lat' dir='ltr'><strong>seqnitur,</strong></span> <span class='ocrx_word' id='word_1_327' title='bbox 1391 5434 1456 5486; x_wconf 13' lang='lat' dir='ltr'><strong>cum-</strong></span> 
     </span>
     <span class='ocr_line' id='line_1_41' title="bbox 436 5486 1460 5582; baseline -0.013 -19"><span class='ocrx_word' id='word_1_328' title='bbox 436 5505 557 5582; x_wconf 86' lang='lat' dir='ltr'><strong>spirandi</strong></span> <span class='ocrx_word' id='word_1_329' title='bbox 577 5502 755 5574; x_wconf 59' lang='lat' dir='ltr'><strong>difficultate,</strong></span> <span class='ocrx_word' id='word_1_330' title='bbox 769 5505 880 5572; x_wconf 71' lang='lat' dir='ltr'><strong>dolore,</strong></span> <span class='ocrx_word' id='word_1_331' title='bbox 901 5501 1109 5579; x_wconf 77' lang='lat' dir='ltr'><strong>suppuratione,</strong></span> <span class='ocrx_word' id='word_1_332' title='bbox 1129 5502 1225 5559; x_wconf 85' lang='lat' dir='ltr'><strong>&amp;aliis</strong></span> <span class='ocrx_word' id='word_1_333' title='bbox 1245 5500 1387 5576; x_wconf 82' lang='lat' dir='ltr'><strong>periculis.</strong></span> <span class='ocrx_word' id='word_1_334' title='bbox 1402 5486 1460 5551; x_wconf 56' lang='lat' dir='ltr'><strong>Erss</strong></span> 
     </span>
     <span class='ocr_line' id='line_1_42' title="bbox 432 5580 1453 5666; baseline -0.018 -16"><span class='ocrx_word' id='word_1_335' title='bbox 432 5590 490 5650; x_wconf 79' lang='lat' dir='ltr'><strong>iam</strong></span> <span class='ocrx_word' id='word_1_336' title='bbox 511 5584 801 5666; x_wconf 72' lang='lat' dir='ltr'><strong>sanguis-exspuitur,</strong></span> <span class='ocrx_word' id='word_1_337' title='bbox 821 5591 848 5646; x_wconf 92' lang='lat'>&amp;</span> <span class='ocrx_word' id='word_1_338' title='bbox 869 5582 1042 5664; x_wconf 83' lang='lat' dir='ltr'><strong>emphysema</strong></span> <span class='ocrx_word' id='word_1_339' title='bbox 1055 5591 1073 5660; x_wconf 61' lang='lat'><strong>5(</strong></span> <span class='ocrx_word' id='word_1_340' title='bbox 1082 5602 1150 5658; x_wconf 76' lang='lat'>519.</span> <span class='ocrx_word' id='word_1_341' title='bbox 1171 5590 1245 5654; x_wconf 61' lang='lat'><strong>619„</strong></span> <span class='ocrx_word' id='word_1_342' title='bbox 1259 5589 1326 5652; x_wconf 79' lang='lat'><strong>644.</strong></span> <span class='ocrx_word' id='word_1_343' title='bbox 1347 5597 1378 5633; x_wconf 88' lang='lat'><strong>12</strong></span> <span class='ocrx_word' id='word_1_344' title='bbox 1386 5580 1453 5650; x_wconf 80' lang='lat'><strong>57.)</strong></span> 
     </span>
    </p>
   </div>
   <div class='ocr_carea' id='block_1_8' title="bbox 0 0 2387 6609">
    <p class='ocr_par' dir='ltr' id='par_1_13' title="bbox 0 0 2387 6609">
     <span class='ocr_line' id='line_1_43' title="bbox 0 0 2387 6609; baseline 0 0"><span class='ocrx_word' id='word_1_345' title='bbox 0 0 2387 6609; x_wconf 95' lang='lat' dir='ltr'><strong> </strong></span> 
     </span>
    </p>
   </div>
  </div>
 </body>
</html>
