4667 6609
440 2569 472 2627 76
741 2550 918 2600 ossium
954 2540 1121 2587 norrun.

424 2587 436 2635 3

418 2658 456 2717 est
476 2657 502 2712 δι
522 2647 647 2727 plumbea
666 2659 749 2718 atque
765 2637 890 2702 mollior,
909 2634 936 2688 &
958 2623 1035 2687 sisub
1049 2640 1082 2680 ea
1103 2621 1201 2677 humor
1210 2612 1432 2689 presius-circum·¹

419 2738 497 2805 fluit,
518 2739 544 2792 ὅ(
564 2732 585 2789 st
605 2729 724 2806 gravitas
745 2720 862 2788 materiae
882 2731 965 2791 atquc
986 2702 1136 2768 febricula,
1156 2701 1229 2755 intus
1250 2711 1317 2751 vero
1337 2695 1436 2769 aliqua,

419 2820 594 2899 punctiones,
614 2807 780 2867 sentiuntur.

495 2908 496 2911 ’
834 2890 836 2893 ’
864 2895 897 2953 ξω
914 2879 1003 2954 19481
1153 2911 1154 2914 =
1204 2888 1206 2890 ’
1363 2895 1365 2897 >

460 2985 517 3042 Ubi
537 3001 588 3047 os,
608 2973 756 3052 supernatis
771 2970 905 3049 vgravibus
927 2961 1087 3024 ulceribus,
1108 2968 1155 3011 aut
1176 2946 1287 3012 fistulis,
1307 2939 1433 3001 vitiatum

419 3068 474 3134 est,
495 3065 524 3121 id
544 3056 714 3139 cognoscitur
735 3076 768 3113 ex
785 3053 860 3129 putri
880 3066 976 3112 carne,
997 3061 1056 3119 quae
1071 3029 1215 3097 increscit,
1236 3034 1263 3085 δε
1284 3039 1432 3101 perquam

419 3151 473 3206 sinc
493 3149 604 3222 negotio
625 3160 657 3201 ac
676 3141 729 3197 stne
749 3136 845 3193 dolore
865 3128 1000 3207 specillum
1020 3115 1159 3180 demissum
1180 3118 1284 3170 intrat.
1305 3100 1433 3163 Nascitur

422 3232 479 3289 haec
497 3248 532 3285 ex
554 3225 660 3284 arteriis
681 3216 823 3293 venisque,
845 3232 905 3288 quae
926 3206 1083 3266 naturaliter
1103 3219 1136 3258 ex
1158 3191 1289 3274 perioslio
1303 3191 1335 3245 ini
1352 3203 1384 3243 os
1394 3182 1435 3239 fe-

422 3329 539 3375 runtur,
559 3313 673 3381 &quae,
693 3298 944 3377 quodosvitiaturn
965 3288 1022 3353 est,
1043 3284 1077 3340 ab
1087 3301 1121 3338 eo
1142 3269 1343 3335 diduclaesunt.
1366 3268 1435 3322 Pro-

421 3409 481 3467 pter
501 3391 571 3445 hanc
590 3401 695 3460 putrem
716 3395 842 3441 carnem,
863 3378 888 3430 &
910 3371 995 3447 quia,
1016 3367 1067 3423 hac
1087 3357 1274 3420 increscente,
1295 3351 1364 3407 cutis
1387 3346 1436 3403 ad-

422 3472 546 3537 ducitur,
565 3485 619 3523 orac
640 3463 736 3521 ulceris
758 3472 948 3515 recurvantur.
971 3451 1066 3506 Exeo
1087 3442 1173 3500 sanies
1195 3438 1281 3494 fertur
1294 3432 1380 3495 acris,
1401 3428 1437 3483 li-

421 3552 504 3620 vida,
524 3551 620 3625 nigra>
639 3550 733 3621 &quae
754 3535 952 3597 intolerabilem
973 3551 1004 3588 ac
1024 3518 1216 3586 cadaverosum
1231 3516 1343 3575 odorem
1363 3512 1438 3567 evei-v

421 3651 482 3692 tat.
502 3633 613 3703 (897.)
633 3629 741 3684 Humor
750 3624 840 3687 enim3
859 3616 944 3676 veluti
961 3614 994 3670 de
1003 3608 1137 3669 ulceribus
1150 3604 1253 3660 diuum
1262 3599 1316 3663 est,
1330 3600 1341 3669 (
1351 3594 1438 3663 894.)

424 3736 459 3773 ex
479 3705 839 3770 immutatirarteriolarurn
860 3696 1039 3772 disruptarum
1060 3691 1115 3747 oris
1137 3682 1282 3756 corruptus.
1299 3677 1373 3741 exit,
1394 3675 1443 3729 cui

423 3798 512 3861 malus
533 3793 602 3851 odor
622 3809 655 3846 ex
685 3802 811 3860 corrupto
839 3778 1001 3851 raucidoque
1031 3765 1177 3828 medulloso
1206 3762 1284 3820 succo
1306 3755 1440 3814 accedit.

425 3880 539 3949 Propter
560 3873 629 3928 hanc
653 3867 776 3942 putidam
798 3859 896 3917 saniem
924 3852 1043 3930 impofita
1065 3847 1204 3921 emplastra
1225 3847 1252 3897 ἃ
1282 3832 1390 3895 demissa
1411 3835 1441 3889 in

423 3958 499 4014 ulcus
521 3966 645 4027 argentea
666 3944 771 4022 specilla
792 3936 958 4014 nigrescunt,
979 3933 1084 4004 (574.)
1101 3929 1130 3983 in
1138 3943 1193 4002 qua
1201 3922 1283 3979 etiam
1304 3914 1371 3974 exest
1379 3911 1440 3970 offis

424 4034 538 4095 frustilla
559 4028 721 4089 sentiuntur.
742 4021 857 4100 Specillo
878 4017 995 4076 occurrit
1003 4033 1034 4070 os
1055 4006 1177 4085 asperum
1198 4009 1224 4061 δι
1246 3997 1392 4075 inaequale,
1413 3999 1440 4052 &

424 4115 497 4195 quast
518 4112 633 4190 spongiae
645 4107 753 4165 simile.
775 4101 939 4160 Haecultera
960 4117 990 4153 ac
999 4093 1116 4159 fistulas>
1137 4086 1184 4144 nist
1204 4082 1250 4142 offi
1272 4078 1369 4138 sanitas
1379 4077 1441 4133 red-

425 4201 483 4257 dita
505 4195 605 4260 fuerit,
622 4190 700 4256 ,haud
721 4182 871 4248 sanescere,
893 4180 958 4237 alibi
979 4177 1093 4253 positum
1114 4170 1168 4228 est.
1190 4167 1296 4239 (899.)
1318 4160 1441 4236 Qteul-

425 4299 505 4343 cera,
525 4274 545 4331 si
565 4276 648 4332 etiam
667 4268 729 4325 sana
749 4266 893 4328 videntur>
913 4275 1013 4332 rupta,
1033 4274 1092 4331 quae
1113 4254 1167 4308 illis
1189 4246 1299 4304 indudla
1321 4242 1410 4301 fuerat
1431 4279 1440 4306 ‚

429 4358 571 4421 cicatrice,
592 4356 690 4410 iterum
712 4362 892 4403 renovantur.
914 4344 977 4395 Haec
998 4336 1126 4398 cicatrix,
1147 4332 1190 4387 cui
1210 4330 1308 4385 vitium
1330 4321 1416 4380 subest
1434 4361 1442 4386 ,

428 4436 479 4498 esse
498 4435 567 4493 solet
586 4432 694 4495 mollis,
715 4446 793 4491 rara,
814 4429 841 4479 &
863 4441 922 4497 quae
943 4416 1020 4491 super
1040 4414 1125 4471 cutim
1147 4410 1202 4468 sere
1224 4406 1363 4463 excrevit.
1385 4402 1445 4459 Ubi

427 4537 516 4578 autem
536 4534 569 4571 ea
590 4510 666 4586 super
686 4526 718 4564 os
738 4510 874 4580 integrum
895 4499 1005 4556 indutio
1027 4494 1098 4559 fuit,
1119 4492 1167 4547 illa
1188 4484 1269 4545 densa
1290 4487 1326 4543 est
1347 4489 1372 4540 ἃ
1393 4484 1446 4541 du-

427 4620 459 4658 ra
479 4616 567 4675 atque
581 4593 714 4651 concava.

469 4759 537 4820 Offis
557 4776 623 4815 vero
649 4751 769 4827 corrupti
789 4745 913 4822 expedita
943 4738 1065 4817 cognitio
1083 4737 1148 4802 est,
1178 4730 1197 4788 fi
1218 4729 1286 4789 illud
1313 4728 1444 4785 nudatum

429 4846 522 4904 oculis.
538 4856 637 4915 patet.
663 4831 728 4890 Offis
749 4830 848 4906 integri
867 4846 899 4884 ac
923 4826 1007 4881 vitam
1030 4818 1156 4876 habentis
1177 4814 1251 4872 color
1272 4811 1310 4883 cst
1328 4830 1360 4866 ex
1382 4810 1446 4866 albo

431 4925 587 4997 caeruleus,
607 4916 711 4993 qualern
724 4912 813 4982 ,habet
831 4909 922 4969 tunica
942 4904 1060 4963 exterior
1081 4900 1171 4970 oculi,
1192 4898 1241 4971 qui
1262 4894 1336 4950 color
1355 4893 1382 4947 in
1404 4893 1447 4951 irr-

434 5004 550 5062 fantium
571 4997 665 5057 offibns
684 4996 765 5072 paulo
787 4991 872 5067 magis
884 4984 1100 5063 sanguinolentus
1122 4979 1175 5036 est.
1197 4978 1271 5035 Nam
1293 4974 1448 5030 hunccolo-

435 5105 490 5143 rem
510 5079 565 5139 ossa
586 5080 716 5154 recipiunt
743 5071 905 5149 asanguine
926 5087 974 5143 per
1002 5066 1114 5121 arterias
1135 5056 1268 5134 venasque
1290 5074 1450 5131 permanan-

435 5185 478 5237 tes
500 5161 562 5221 offa
572 5180 635 5219 vero
655 5156 818 5235 quandoque
839 5151 955 5210 candida
976 5145 1070 5212 fiunt‚-
1083 5144 1149 5201 calci
1164 5141 1279 5205 similia,
1299 5138 1319 5193 fi
1339 5154 1452 5213 propter-v

435 5246 551 5305 alimenti
572 5241 708 5300 defeelutn
722 5239 906 5295 emoriuntur.
927 5233 989 5287 Hoc
1010 5226 1125 5292 incidit,
1145 5223 1165 5280 sr
1185 5222 1370 5287 illaearteriae,
1391 5237 1451 5295 quae

435 5334 482 5403 per
503 5326 634 5382 foramina
654 5324 756 5391 majora
777 5320 805 5375 in
825 5314 880 5374 ossa
902 5314 1043 5378 feruntur5
1063 5313 1089 5365 ὅ(
1111 5308 1154 5365 his
1164 5322 1245 5381 atque
1266 5300 1388 5359 medullae
1398 5301 1451 5356 ali-

437 5413 557 5464 mentum
572 5402 782 5480 sanguinemque
803 5396 1022 5462 subministrant,
1037 5387 1158 5468 *praecisas
1175 5386 1288 5444 suerunt
1305 5425 1314 5451 ,
1335 5400 1401 5448 aut>
1422 5380 1451 5436 id

437 5486 513 5565 quod
534 5485 699 5559 frequentius
720 5475 956 5558 deprehenditur,
978 5493 994 5530 a
1014 5492 1112 5549 magno
1133 5472 1238 5528 tumore
1258 5462 1347 5542 pressae
1364 5507 1372 5519 ,
1394 5462 1452 5517 Ce-

435 5573 564 5644 teroquin
585 5583 666 5630 vcro,
686 5564 717 5621 id
726 5564 812 5641 quod
820 5564 850 5618 in
869 5556 922 5618 offe
944 5573 1097 5613 emortuum
1117 5553 1173 5620 est,
1193 5551 1292 5627 pingue
1313 5545 1343 5603 fit
1363 5548 1390 5600 &
1407 5544 1451 5600 lu·

436 5651 546 5717 ridum,
568 5645 739 5714 asmedulla,
757 5639 992 5727 quamexsudatf
1013 5634 1203 5707 Medullatsr
1221 5630 1308 5707 tnagis
1329 5643 1456 5696 corrumq.
