4667 6609
555 2525 607 2562 aar
625 2524 640 2558 r
657 2521 674 2557 ε
693 2520 711 2555 c
730 2522 750 2555 ra
769 2522 785 2557 o
803 2521 822 2556 n
840 2521 873 2557 n.
1196 2519 1229 2565 η

202 2616 258 2672 dix
279 2611 420 2689 angelicae,
441 2606 632 2669 aristolochia,
652 2600 792 2675 bryonia,
814 2597 1010 2672 imperatoriae,
1031 2594 1104 2653 ireos
1126 2591 1233 2650 floren*

204 2698 291 2763 tinae,
312 2694 396 2749 herba
416 2692 556 2754 abrotani,
577 2683 727 2748 absinthii,
745 2679 922 2754 agrimoniae,
943 2679 1089 2745 beronicae,
1111 2676 1233 2747 majora-
1310 2695 1313 2702 ’

204 2798 266 2843 ωε,
287 2774 441 2835 marrubii,
462 2770 590 2833 mentha,
611 2765 736 2840 origani,
756 2759 877 2835 pulegii,
898 2762 1110 2829 rorismarini,
1132 2776 1233 2827 ruta,

203 2856 325 2923 sabinae,
345 2852 449 2913 salviae,
470 2845 584 2914 fcordii,
606 2845 720 2922 serpilli,
741 2844 881 2908 tanaceti,
903 2841 933 2897 fl.
955 2840 1092 2910 sambuci,
1115 2842 1231 2904 chamo-

205 2940 309 3005 rmillar,
328 2931 487 2999 lavendula.
714 3006 729 3058 8

663 3014 690 3070 b·
734 3026 779 3061 ο»
1218 3063 1220 3067 r

251 3102 314 3154 Haec
334 3108 376 3146 res
397 3104 542 3144 ueroeam
562 3085 731 3163 prudentiam
751 3085 866 3160 exigit,
895 3101 952 3151 ut,
971 3082 991 3140 -sr
1009 3085 1087 3141 locus
1116 3088 1165 3161 qui
1180 3086 1233 3141 >in-

205 3177 363 3235 flammatus
385 3168 449 3233 est,
475 3168 554 3223 valde
580 3168 686 3244 rigidus
708 3166 767 3222 fiat
782 3170 809 3221 bc
831 3165 946 3231 durus,
974 3166 1031 3227 haec
1061 3168 1231 3241 epithemata

202 3278 243 3312 -err
263 3271 332 3329 aqua
351 3265 530 3324 coquantur,
559 3246 645 3324 iisque
666 3247 788 3325 quaedam
814 3266 848 3303 ex
880 3245 1064 3308 mollientibus
1097 3246 1231 3316 adjician-

204 3355 273 3393 turc
295 3334 324 3389 id
344 3330 418 3408 quod
438 3327 494 3384 fere
515 3327 709 3396 necess'arium,
730 3328 748 3385 sr
770 3348 868 3405 corpus
890 3327 970 3388 valde
992 3326 1149 3384 adstricium
1172 3327 1231 3381 est.

203 3417 238 3471 &Si
259 3433 324 3477 vcro
344 3430 432 3470 tumor
461 3409 530 3479 justo
557 3411 664 3467 mollior
694 3413 755 3477 est,
782 3415 809 3466 bc
836 3410 1014 3466 nihilominus
1043 3407 1232 3467 inflammatio

202 3497 371 3561 vehemens,
392 3497 417 3549 dc
439 3492 467 3549 in
486 3492 645 3566 corporibus
661 3493 701 3548 ,in
722 3492 822 3566 quibus
843 3492 970 3566 phlegma
992 3490 1138 3558 abundat,
1162 3490 1231 3545 alie·
1310 3548 1312 3552 ,

202 3596 243 3634 ma
265 3574 324 3634 sunt
343 3574 516 3638 mollientia,
543 3568 685 3629 necessaria
706 3591 774 3630 vero
794 3612 806 3638 ,
827 3591 886 3647 quae
908 3572 1076 3646 adstringunt
1096 3576 1124 3629 tic
1143 3572 1232 3626 robo-

207 3674 283 3711 rant.
299 3663 315 3728 ι,ζ
326 3656 393 3723 76.)
415 3653 459 3708 Ob
480 3654 549 3711 hanc
570 3651 677 3710 causam
700 3694 709 3718 ,
731 3670 875 3728 antequam
895 3652 1062 3726 epithemata
1085 3652 1232 3725 imponun-

208 3754 277 3801 tur,
297 3736 382 3792 lavari
403 3734 486 3807 potest
505 3734 580 3790 locus
601 3737 667 3790 vino
690 3734 810 3799 adusto,
832 3731 928 3808 spiritu
950 3732 1083 3787 matricali
1101 3773 1111 3798 ,
1132 3728 1231 3806 spiritu

208 3817 266 3870 vini
286 3834 346 3871 cum
367 3816 536 3888 camphora.
565 3816 738 3889 Epithemata
758 3833 912 3889 coquantur
942 3833 975 3870 ex
996 3816 1061 3870 vino
1092 3815 1198 3870 austero
1218 3854 1230 3878 ,

203 3897 251 3951 nel
271 3896 412 3965 adjiciatur
432 3897 466 3950 iis
488 3914 618 3963 acetum,
639 3900 765 3964 nitrum,
786 3893 825 3952 sal
846 3897 1053 3952 ammoniacus.
1075 3898 1142 3951 Haec
1164 3895 1232 3952 ulti-

209 3994 253 4029 ma
272 3977 353 4030 etiam
374 3972 499 4029 adversus
521 3978 689 4047 putredinem
710 3974 770 4031 sunt
792 4016 802 4041 ,
822 3978 954 4049 quoniam
975 3979 1017 4033 vis
1039 3977 1155 4031 multum
1177 3996 1229 4031 au-

204 4072 310 4126 getur„
332 4052 373 4118 sr,
394 4050 548 4127 priusquam
568 4052 767 4127 superdantur,
789 4058 859 4110 cutis
880 4056 1020 4128 paululum
1041 4057 1195 4112 conciditur
1217 4076 1237 4111 .’

203 4136 268 4189 'Hoc
288 4129 456 4187 necessarium
476 4132 528 4194 est,
549 4132 568 4185 fr
588 4132 770 4189 inflammatio
791 4137 847 4201 jam
868 4136 903 4187 ad
917 4150 1093 4210 'gangraenam
1115 4134 1228 4210 spectat,

203 4215 234 4267 dt
256 4211 329 4265 locus
349 4208 418 4277 justo
440 4208 546 4263 mollior
566 4209 619 4264 est,

627 4317 630 4321 ⁸
665 4337 691 4394 ς,
714 4301 775 4384 81(

246 4446 275 4503 Si
296 4444 476 4503 inflammatio
498 4442 524 4500 se
545 4447 673 4505 inclinare
693 4450 792 4521 coepit,
813 4464 905 4511 tumor
924 4470 989 4509 cum
1009 4454 1167 4531 integritate
1187 4478 1232 4517 rc-

204 4523 301 4591 sedit,
321 4523 396 4601 isque
416 4546 464 4583 nec
483 4526 568 4583 durus
589 4527 626 4582 est
643 4566 652 4591 ,
672 4546 719 4582 nec
740 4528 857 4595 mollit,
877 4535 904 4587 δε
924 4533 1001 4591 color
1021 4539 1106 4591 etiam
1126 4541 1156 4593 in
1178 4559 1231 4596 na-

199 4606 320 4661 muralem
340 4606 530 4670 convertitur,
558 4607 661 4675 (66.)
683 4608 767 4680 magis
790 4610 919 4666 utendum
940 4613 979 4668 est
1000 4614 1196 4681 roborantibus
1218 4661 1230 4688 ,

198 4704 266 4759 quat
286 4682 413 4740 fibrarum
433 4684 583 4741 laxatarum
604 4686 781 4742 imbecillitati
809 4693 1003 4763 opitulantur.
1035 4697 1064 4751 Si
1082 4737 1093 4764 ,
1115 4699 1229 4757 inflam-

201 4765 326 4822 matione
345 4762 452 4838 prorsus
472 4765 595 4831 levata,
614 4768 734 4825 membro
755 4772 881 4843 quaedam
909 4774 1082 4832 imbecillitas
1105 4799 1198 4840 manet
1218 4825 1229 4852 ,

203 4842 311 4899 confert
331 4846 356 4898 ei
378 4842 490 4899 subinde
518 4845 700 4903 infridiionem
729 4850 883 4921 adhibere,
913 4856 1036 4934 illudque
1067 4879 1102 4917 ex
1129 4860 1230 4938 spiritu

204 4923 325 4997 quodam
344 4922 511 4997 perfricare,
534 4924 698 5000 Aptiffimus‘
709 4930 754 4985 est‘
766 4928 876 5005 spiritus
898 4934 1026 5013 serpilli,
1046 4940 1229 5015 lavendula,

206 5004 338 5076 juniperi,
360 5001 548 5071 formicarum,
569 5012 595 5063 sic
614 5027 649 5065 err
670 5011 908 5087 compositionibus
928 5022 1081 5082 matricalis
1102 5068 1111 5081 .
1133 5024 1231 5085 Alter·-

206 5083 249 5172 nis
270 5085 350 5138 etiam
370 5084 474 5140 vicibus
495 5088 599 5162 imponi
618 5088 722 5164 possunt
751 5095 892 5171 emplastra
915 5140 925 5166 ,
954 5107 981 5159 ἃ
1002 5106 1075 5161 inter
1097 5107 1156 5167 haec
1177 5129 1231 5186 pos

203 5160 357 5254 ausimum,
379 5166 573 5257 neminum&
593 5190 798 5247 oxycroceum.
827 5179 949 5243 Confert
970 5187 1081 5255 etiam,
1112 5193 1228 5268 quando

204 5259 357 5315 quresnon
377 5263 415 5304 ita
429 5246 570 5309 necessaria
590 5254 642 5323 est,
663 5258 747 5331 (728.)
769 5278 800 5317 ut
821 5264 974 5323 membrum
995 5269 1095 5329 iterum
1115 5271 1230 5335 aclsuos

205 5319 268 5380 usus
288 5343 501 5397 promoveatur.
523 5330 682 5410 Aliquando
702 5340 816 5403 infirmis
837 5348 941 5423 optime
962 5348 1226 5428 medetur'fascie,

202 5420 258 5477 qua
277 5403 350 5465 fibra
363 5410 475 5470 modice
495 5414 709 5497 adstringuntur⁶
724 5430 744 5452 ·’
925 5457 934 5461 ··
1192 5464 1194 5466 ·

852 5591 942 5650 Da
