4667 6609
440 2542 442 2544 ’
494 2664 510 2669 2,
544 2601 946 2709 puarnrro
976 2601 1384 2748 noer-orm
1450 2661 1457 2685 ,

425 2860 427 2865 ,
460 2788 463 2791 ’
507 2804 592 2861 Nea
614 2801 753 2880 opinione
769 2822 826 2869 me
858 2801 974 2877 semper
1001 2803 1283 2885 fuisseffiprofiteoffi
1316 2798 1469 2858 neminem

530 2917 566 2955 ne
586 2897 644 2967 iilis
665 2896 786 2974 quidem
804 2896 941 2967 morbis,
966 2896 1016 2974 qui
1024 2933 1029 2937 --
1044 2897 1201 2955 interiores
1221 2894 1351 2975 corporis
1370 2912 1470 3001 partes

460 2990 619 3065 infestant,
644 3006 676 3065 et
701 3010 831 3069 quorum·
844 2987 963 3050 curatio
989 3010 1007 3048 a
1035 2990 1112 3049 solis
1131 2992 1263 3050 medicis
1281 2990 1470 3071 requiritur,

462 3086 589 3147 scienter
602 3107 636 3147 ac
654 3088 750 3193 perite
768 3088 881 3145 mederi
899 3085 1013 3168 posse,
1040 3087 1104 3165 niti
1123 3108 1158 3146 ea
1186 3086 1331 3163 vitiorum
1364 3104 1471 3167 genera

461 3202 530 3262 quae
543 3177 673 3261 chirurgi
692 3183 744 3241 srbi
762 3184 938 3256 vindicant,
962 3162 1073 3241 habeat
1091 3181 1246 3260 perspedba
1262 3199 1293 3241 er
1296 3180 1472 3286 Ρειιιιιὲιιι·

452 3296 521 3355 ta.
555 3280 630 3359 Qac
647 3280 727 3337 enim
745 3278 775 3335 in
794 3299 883 3337 varus
894 3298 1028 3355 corporis
1055 3278 1178 3338 sedibus
1201 3278 1409 3369 extrinsecus
1402 3276 1499 3337 mci-⁴

463 3376 558 3446 dunt,
583 3390 615 3431 et
631 3394 697 3450 quae
711 3373 812 3430 oculis
821 3367 1002 3447 cernuntur,
1026 3372 1197 3450 attredbatu
1209 3374 1400 3452 sentiuntur,
1426 3393 1474 3431 ea·

463 3471 533 3525 dem
557 3466 659 3525 fiunt
652 3486 683 3523 ιιι
701 3467 836 3546 partium
864 3468 1050 3529 internarum
1070 3471 1275 3552 viscerumque
1294 3490 1330 3529 va
1333 3468 1473 3528 ietudini-

462 3564 535 3635 bus;
553 3583 612 3640 non
630 3578 696 3639 tam
715 3563 851 3622 sensum
865 3564 983 3643 siugulis
1000 3569 1174 3626 morborum
1193 3568 1367 3646 generibus,
1382 3583 1473 3644 quam

462 3678 530 3717 conr
521 3636 649 3733 ιῑεέιιιιι,
675 3678 710 3715 ιιι
728 3659 847 3718 collatis
863 3660 996 3737 pluribus
1023 3663 1122 3721 indici'
1103 3684 1138 3721 ns
1159 3664 1367 3741 percipienda
1403 3661 1474 3717 Isto·

462 3773 532 3812 rum
551 3770 652 3814 aurem
669 3754 859 3826 morborum,
885 3754 1132 3832 quibusinternae
1149 3773 1259 3837 partes(
1273 3758 1443 3839 afficiuntur
1460 3800 1471 3829 ‚

463 3865 596 3922 natura,
621 3836 787 3923 mutatio,
821 3868 943 3909 eventus
968 3852 1122 3931 omnisque
1157 3853 1300 3925 curatio,
1334 3872 1399 3932 quae
1424 3850 1473 3911 vel

459 3945 535 4003 artis
566 3944 709 4004 beneficio
735 3946 800 4003 fieri
820 3944 898 4003 solet
920 3992 930 4019 ,
956 3948 1009 4003 vix
1027 3948 1119 4009 aliter
1145 3949 1176 4005 in
1201 3949 1343 4007 notitiam
1373 3949 1472 4009 venire

460 4040 558 4117 potest
575 4084 593 4113 ,Κ
610 4060 701 4118 quam
729 4041 867 4119 diligenti
902 4041 1109 4121 observatione
1139 4045 1283 4103 vitiorum
1317 4065 1382 4123 quac
1413 4044 1474 4103 chi-

462 4134 701 4211 rurgiae-auxiiia
716 4135 909 4208 desiderant,
934 4154 967 4195 et
986 4139 1121 4200 omnium
1150 4161 1250 4200 rerum
1275 4160 1340 4219 quae
1364 4140 1396 4196 in
1422 4143 1474 4198 ho-

462 4248 530 4287 rum
557 4230 681 4303 decursu
712 4248 800 4307 atque
834 4231 915 4287 varia
939 4233 1123 4308 curatione,
1158 4237 1289 4298 incidere
1317 4234 1476 4298 consueve-

463 4339 552 4382 runt.
578 4324 647 4397 Hoc
664 4323 714 4383 vel
733 4324 929 4401 severioribus
947 4322 1195 4408 disceptatoribus
1210 4323 1260 4389 ueat
1281 4330 1363 4390 facili
1381 4332 1476 4408 posset

462 4420 608 4497 probari,
634 4419 654 4475 st
669 4421 733 4493 jam
754 4421 1018 4481 considerationem
1040 4425 1363 4485 inarnflammanonem
1382 4426 1475 4485 inten-

463 4517 533 4572 dere
553 4532 586 4572 et
600 4500 800 4585 demonstrare
821 4516 932 4575 vellem
942 4540 955 4585 ;
980 4519 1065 4576 iilam
1076 4565 1086 4592 ‚
1112 4522 1182 4578 tiin
1205 4523 1337 4581 externis
1361 4521 1475 4581 sedibus

464 4626 532 4667 orta
549 4610 670 4683 fuerit,
707 4602 823 4669 febrem
851 4633 1005 4687 movere,
1031 4636 1088 4694 qua
1122 4617 1171 4676 vei
1199 4617 1400 4692 discutiatur,
1427 4617 1476 4677 vel

463 4704 677 4783 suppuratione
697 4706 843 4779 finiatur,
879 4729 1028 4790 eamque,
1054 4712 1174 4799 simale
1201 4716 1316 4787 cedat,
1350 4714 1380 4769 in
1408 4735 1477 4793 gan·

464 4820 614 4878 graenam,
640 4800 804 4877 scirrhum,
823 4803 930 4878 ulcus,
941 4806 1121 4881 fistulam,
1149 4803 1321 4890 carcinoma
1357 4811 1477 4888 degene-

467 4916 550 4954 rare
576 4897 678 4969 Morbi
695 4899 775 4978 enim
794 4900 972 4959 interiorum
992 4904 1146 4981 partium,
1164 4906 1215 4983 qui
1234 4924 1272 4962 ex
1289 4904 1394 4964 iisdem
1409 4927 1477 4965 con-

467 4975 646 5066 verfionibus
661 4974 840 5069 nascuntur,
864 4998 983 5074 nominc
1001 5020 1035 5057 ac
1053 4999 1121 5059 sede
1138 5002 1250 5079 magis,
1265 5022 1355 5087 quam
1369 5020 1476 5062 natura

468 5085 541 5160 sua,
561 5090 598 5147 ab
612 5090 658 5148 hta
677 5111 743 5186 quae
767 5081 968 5152 extrinsecus
979 5094 1078 5173 fiunt,
1097 5097 1255 5156 differ.unt
1285 5097 1442 5178 Qrapropt
1445 5119 1477 5157 et·

469 5183 552 5239 omni
566 5201 702 5269 tempore
720 5203 819 5253 artem
844 5188 1005 5249 salutatem
1024 5141 1203 5252 discentibus
1231 5213 1430 5301 magnopere
1420 5217 1482 5277 au

471 5274 535 5337 &or
551 5280 618 5352 fui,
643 5299 677 5339 ut
694 5284 770 5343 hanc
789 5284 1055 5361 vetustiffimam
1031 5304 1092 5359 ejus
1111 5308 1251 5368 partem,
1277 5291 1478 5369 chirurgiam,

471 5374 552 5443 cnjus
581 5380 750 5457 ceteroquin
777 5381 928 5459 profedtus
956 5384 1186 5445 evidentissimus
1211 5387 1282 5461 est,
1317 5386 1478 5467 dilgenter

473 5464 645 5529 excolerent
660 5491 783 5554 ‚atque
799 5499 854 5557 per
868 5480 930 5551 ejus
949 5482 1092 5540 notitiam
1110 5485 1147 5541 ad
1165 5482 1250 5574 redte
1274 5486 1412 5544 medendi
1431 5506 1479 5563 pe-

474 5563 578 5624 ritiam
599 5573 827 5637 contenderent.
852 5575 982 5635 Etiam
976 5596 1054 5637 inter
1077 5596 1189 5641 ceteras
1212 5581 1286 5641 artis
1309 5563 1479 5661 disciplinas
