4667 6609
557 2526 800 2569 nuscussu
819 2526 845 2559 s.
1186 2510 1218 2553 2⁹

199 2646 232 2684 ro
253 2626 276 2680 is
295 2640 329 2679 ert
349 2620 384 2678 iis
402 2618 470 2675 exiit
489 2612 608 2686 coiitque
628 2646 638 2673 ,
659 2602 763 2676 levatur
785 2589 965 2655 inflammatio
985 2600 1012 2653 dr
1033 2608 1132 2667 tumor
1148 2587 1221 2643 mol-

202 2703 301 2763 lescit.
589 2697 607 2725 *
935 2714 937 2717 ’
1171 2706 1174 2710 ”
1211 2691 1213 2693 ’

294 2792 297 2793 ⁷
653 2776 679 2831 §-
705 2765 754 2817 86.

242 2860 398 2938 Aliquando
418 2871 506 2910 tamen
528 2852 555 2905 in
575 2836 681 2923 penitus
702 2842 813 2901 condita
841 2836 1058 2914 suppuratione,
1088 2840 1115 2894 δι
1137 2833 1161 2911 st
1177 2833 1221 2893 al·

202 2947 257 3001 tius
277 2962 327 3018 pus
347 2952 483 2997 mouetur,
505 2929 573 2984 nihil
594 2931 693 2984 horum
713 2930 742 2981 in
762 2937 824 2979 cute
841 2919 1005 2995 deprehendi
1027 2918 1127 2994 potest.
1150 2918 1220 2973 Sen-

200 3028 234 3081 tit
255 3041 343 3081 tamen
363 3034 428 3089 aeger
449 3029 509 3066 cum
540 3008 641 3073 febre,
667 3006 735 3072 siti,
763 3000 861 3080 vigilia
892 2998 1004 3077 aliisque
1026 2998 1219 3077 symptomatis

200 3108 272 3161 intus
292 3102 394 3171 aliquas
414 3092 588 3167 pundioneS,
609 3092 636 3145 δε
657 3087 732 3145 lotus
751 3084 859 3161 prurit,
879 3081 1043 3159 tandemque
1064 3078 1219 3138 sublividus

202 3202 249 3241 aut
269 3173 422 3236 subalbidus
443 3169 490 3227 fit.
550 3218 551 3221 ,
1091 3198 1093 3201 <

241 3344 300 3397 Hoc
321 3333 539 3394 inflammationis
560 3351 658 3407 genus,
679 3330 726 3387 nist
747 3328 826 3387 valde
850 3346 977 3403 magnum
997 3324 1047 3391 sit,
1067 3327 1095 3380 δι
1115 3339 1221 3398 partem

199 3422 318 3496 aliquam
338 3416 454 3474 nobilem
472 3430 610 3486 occupet,
631 3431 685 3469 non
705 3414 745 3467 ita
763 3408 944 3486 periculosum
965 3408 1023 3466 est.
1044 3408 1154 3481 Magnae
1176 3422 1223 3459 ta-

200 3520 261 3556 men
280 3505 307 3557 &
328 3500 411 3573 longae
431 3493 659 3570 suppurationes,
690 3497 753 3568 quia
775 3491 846 3547 mala
868 3492 982 3546 materia
1010 3488 1074 3544 valiis
1096 3485 1220 3560 corpori-s

200 3579 283 3636 succis
305 3576 480 3641 admiscetur,
502 3572 567 3649 saepe
587 3572 810 3647 cacochymiann,
830 3569 950 3645 phthisin
970 3573 997 3625 &
1018 3569 1154 3623 hecticam
1176 3584 1221 3619 re-

200 3661 324 3735 linquunt
348 3679 356 3716 :
385 3657 413 3711 id
433 3656 507 3731 quod
530 3654 648 3711 accidere
663 3691 665 3694 ι
678 3656 760 3709 etiam
781 3652 866 3726 potest
889 3690 898 3716 ,
929 3648 1002 3704 srert
1030 3643 1148 3702 abscessu
1168 3664 1220 3719 pus

196 3759 253 3795 non
272 3740 339 3811 justo
360 3754 477 3810 tempore
498 3737 656 3800 emittitur,
683 3733 724 3791 uel
746 3731 764 3787 si
786 3729 844 3806 ipsa
865 3727 1024 3805 suppuratio
1045 3727 1190 3783 cohibetur
1213 3770 1220 3780 .

199 3822 288 3885 Hoc,
318 3816 444 3892 impositis
476 3816 682 3890 reprimentibus
712 3805 1225 3889 spirituosisfieri,&s1subcura'-

199 3901 271 3954 tione
292 3900 366 3956 locus
388 3897 519 3953 valentius
540 3894 630 3952 fasciis
652 3895 826 3969 adstringitur
849 3936 858 3961 ,
884 3889 1033 3969 pannisque
1054 3891 1219 3965 premitur,

199 3977 291 4043 infra,
310 3979 359 4033 ubi
379 3977 412 4032 de
432 3976 588 4034 vulneribus
608 3992 722 4051 ‘ogerum
742 3974 865 4031 docebo,

188 4137 197 4145 '
240 4134 423 4208 Aliquando,
440 4132 470 4185 v'sr
498 4135 528 4184 in
556 4134 634 4185 urina
660 4125 832 4201 purulentum
856 4171 866 4194 ,
895 4133 954 4185 leue
982 4150 1013 4187 ac
1041 4131 1134 4185 album
1155 4128 1221 4185 sub-

198 4211 287 4276 sidit,
317 4206 443 4265 abscessus
461 4204 606 4272 solvitur,
636 4207 666 4261 id
686 4208 761 4283 quod
782 4223 874 4262 tamen
903 4210 992 4263 rarius
1013 4206 1072 4263 fieri
1095 4227 1220 4285 comper-

197 4308 255 4346 tum
274 4289 325 4345 est.
820 4340 824 4342 ,
993 4335 996 4338 .
1146 4302 1172 4325 w

269 4411 271 4415 -
657 4375 682 4433 s·
696 4368 752 4439 89·
824 4404 826 4406 ·
1081 4430 1084 4433 .

238 4450 267 4507 Si
287 4451 340 4520 jam
361 4464 450 4506 tumor
470 4449 509 4504 ita
531 4449 652 4505 adolevit
673 4489 682 4513 ,
703 4465 734 4504 ut
753 4466 804 4521 pus
826 4449 912 4514 alat,
939 4449 1028 4507 aliena
1049 4448 1119 4508 sunt-
1133 4455 1222 4528 repri-

199 4530 316 4595 mentia,
336 4526 506 4586 discutienda
526 4532 553 4582 &
574 4524 734 4599 spirituosa,
754 4530 855 4601 quippe
876 4546 936 4602 quae
949 4548 1011 4585 eum
1032 4532 1062 4585 in
1082 4529 1221 4589 scirrburn

196 4624 328 4663 vertunt.
350 4610 379 4663 Si
399 4608 527 4680 chirurgo
547 4623 601 4661 non
622 4623 694 4660 certa
715 4603 885 4663 resolutionis
907 4605 965 4682 spes
986 4610 1050 4675 est,
1072 4611 1114 4665 ab
1136 4613 1220 4670 initio

196 4690 333 4759 imponere
352 4686 462 4759 potest,
491 4702 550 4759 quae
572 4702 711 4761 utramque
733 4684 894 4743 facultatem
920 4689 1023 4744 habent
1045 4728 1056 4755 ›,
1087 4695 1114 4746 dc
1136 4690 1220 4749 resol-

197 4765 278 4819 vendi
301 4805 310 4830 ,
340 4769 367 4820 δε
388 4764 549 4821 molliendi.
571 4766 712 4840 igiturex
733 4769 857 4822 remixtis
876 4768 950 4824 ‘inter
971 4766 997 4825 se
1019 4767 1220 4831 resolventibus

199 4862 230 4898 ac
249 4844 444 4901 emollientibus
464 4846 555 4917 parari
575 4843 680 4919 possunt
700 4843 920 4922 cataplasmata,
948 4851 991 4907 vel
1012 4852 1118 4927 imponi
1139 4851 1221 4931 supra

198 4940 405 4981 commemorata
422 4924 566 4998 emplastra
588 4926 750 4985 mollientia.
783 4975 785 4977 ,

649 5016 675 5071 §·
697 5027 743 5076 90.
964 5053 967 5057 ‚
1103 5036 1105 5038 ·

220 5082 325 5173 ⁸Qrod
345 5102 408 5140 vero
428 5084 471 5167 his
493 5102 548 5141 non
567 5084 710 5145 discutitur
732 5131 741 5157 ,
761 5090 862 5149 necesse
882 5092 921 5150 est
940 5131 952 5161 ,
972 5111 1004 5151 ut
1024 5096 1189 5157 maturescat
1212 5145 1221 5157 .

200 5160 236 5254 Si⁸
250 5179 362 5255 autem,
383 5164 411 5220 id
431 5165 506 5240 quod
527 5166 645 5225 erebrius
668 5171 791 5238 incidit,
819 5192 870 5249 pro
891 5177 1007 5234 tumoris
1029 5165 1221 5256 magnitudine

200 5258 288 5315 nunus
308 5243 399 5335 ualida
419 5245 456 5301 est
476 5246 654 5307 inflammatio
675 5250 811 5330 febrisque
831 5255 918 5313 levior
939 5297 950 5322 ,
978 5260 1075 5330 maiori
1098 5264 1127 5318 ui
1147 5282 1218 5340 opus

200 5320 252 5377 est.
273 5324 388 5407 incitate
408 5327 500 5403 itaque
519 5346 624 5405 oportet
646 5330 747 5391 febrem
775 5354 833 5413 quo
854 5340 885 5394 in
911 5334 974 5395 casu
1001 5336 1058 5399 fere
1077 5347 1218 5423 optimum

198 5400 561 5494 estQnuslamedicamenta
581 5413 671 5471 dare.
692 5414 792 5473 Aliena
812 5418 851 5475 est
872 5414 1010 5497 sanguini-s
1031 5421 1137 5497 missio,
1159 5428 1220 5485 alvi

197 5480 314 5552 duello,
333 5490 365 5553 δι.
380 5506 476 5567 οπως,
487 5492 572 5575 'quod
588 5495 679 5571 testum
698 5496 842 5579 infringit,
864 5500 1031 5568 Adhibenda
1051 5506 1090 5571 esi
1110 5509 1219 5576 exertis
