4667 6609
385 2600 430 2648 608
665 2585 1059 2631 ,urssuaaituto

374 2820 381 2825 ,
422 2768 469 2825 De
491 2766 534 2821 his
555 2759 696 2819 affedibus
715 2776 783 2815 uero
804 2757 843 2809 ita
864 2748 1051 2812 statuendum,
1073 2757 1103 2799 ut
1123 2760 1159 2798 ex.
1178 2739 1276 2809 majori>
1296 2735 1337 2792 vel
1348 2739 1399 2790 mi-

383 2850 443 2907 nori
463 2849 558 2903 harum
578 2844 695 2919 partium
717 2836 845 2901 laesione,
874 2835 956 2889 etiam
977 2828 1107 2900 judicium
1137 2827 1163 2879 dc
1184 2817 1318 2896 prognofis
1340 2815 1399 2871 for-

384 2938 488 2987 metur.
510 2928 590 2985 Leuis
611 2924 683 2981 enim
704 2918 772 2976 sacci
793 2913 946 2987 lacrymalis
966 2908 1114 2967 obstructio
1136 2908 1162 2961 δε
1183 2898 1345 2959 exulceratio
1356 2895 1399 2951 fa·

383 3011 461 3068 uilem
490 3007 636 3065 admodum
665 3002 796 3062 medelam
828 2996 975 3053 admittunt
993 2986 1176 3059 :majoribus
1196 2976 1398 3040 difficultatibus

383 3091 515 3166 implicita
536 3086 747 3164 deprehenditur
767 3098 831 3137 cura
852 3078 951 3133 herniae
972 3070 1043 3129 sacciv
1057 3065 1216 3144 lacrymalis
1237 3106 1245 3132 ,
1266 3062 1400 3123 maxime,

383 3172 402 3228 si
423 3172 468 3229 hic
481 3188 582 3247 ,prater
603 3186 724 3227 naturam
745 3162 912 3225 induratus,
941 3154 985 3212 vel
1007 3169 1081 3209 totus
1102 3169 1119 3206 a
1146 3148 1270 3225 periostio
1292 3136 1401 3198 avulsus

385 3254 446 3310 est:
468 3252 541 3309 fibrae
561 3253 632 3307 enim
652 3249 774 3304 relaxatae
795 3247 821 3299 dt
844 3235 980 3297 scitrhosa'e
1001 3252 1069 3309 aegre
1090 3230 1126 3287 ad
1146 3230 1285 3306 pristinum
1305 3228 1332 3280 δι
1353 3222 1402 3277 de-

384 3336 473 3391 bitum
494 3351 587 3390 tonum
609 3330 770 3387 reducuntur
791 3369 797 3380 .
829 3321 974 3379 Ulceratio
993 3333 1057 3372 vero
1077 3310 1270 3387 profundior,
1291 3309 1316 3361 δε
1338 3321 1402 3359 vera

386 3414 490 3480 fistula,
512 3414 546 3468 ab
567 3411 692 3468 omnibus
714 3406 824 3463 medicis
847 3408 872 3461 dr
894 3400 1045 3473 chirurgiS,
1066 3394 1159 3472 gravis
1180 3389 1277 3454 valde,
1297 3390 1325 3442 ὃ(
1345 3382 1403 3439 dif-

386 3495 464 3551 ficilis
485 3495 632 3551 curationis
653 3490 745 3548 habita
768 3486 821 3543 fuit
839 3525 848 3552 ,
869 3503 929 3542 cum
949 3496 1058 3557 propter
1079 3476 1153 3552 illam
1171 3512 1180 3540 ,
1196 3465 1404 3547 ‘quamqpostu-

386 3580 444 3633 lant
465 3576 627 3651 chirurgiam
647 3614 656 3640 ,
676 3576 703 3629 δι
724 3588 779 3647 qua
799 3564 883 3633 sola,
904 3582 933 3621 ut
954 3584 988 3620 eu
1009 3578 1071 3617 mox
1092 3554 1214 3613 dicendis
1234 3547 1404 3627 perspicuum

389 3660 465 3725 erit,
486 3674 595 3713 curatur
613 3684 636 3723 ,ff
653 3657 807 3728 &propter
827 3647 990 3724 exquifitum
1011 3640 1129 3717 partium
1150 3636 1248 3692 harum
1270 3628 1374 3687 sensum
1396 3668 1405 3693 ,

388 3756 509 3795 teneram
529 3736 684 3793 earumdem
704 3749 864 3794 texturam,
884 3747 942 3801 quae
963 3725 1042 3780 novis
1063 3721 1143 3775 facile
1165 3713 1334 3778 laesionibus,
1356 3707 1406 3765 sub

389 3822 446 3893 ipla
467 3818 634 3891 enchyrest,
663 3814 781 3870 obnoxia
802 3808 862 3874 fit,
890 3805 1070 3862 remediorum
1091 3817 1157 3853 vero
1187 3792 1407 3868 applicandorum

388 3900 608 3955 acerbitatem&
631 3896 778 3964 impetum,
798 3888 902 3942 lubrica
913 3884 991 3937 valde
1011 3885 1038 3935 δε
1058 3879 1137 3950 plena
1157 3874 1337 3948 periculorum
1348 3872 1406 3925 exi-

386 3981 455 4034 stat.
478 3975 586 4051 AEgrius
604 3984 678 4032 vero
691 3968 783 4025 fistula
803 3962 976 4041 persanantur
997 3998 1007 4025 ,
1028 3956 1138 4034 quando
1159 3952 1254 4011 ollibus
1277 3952 1407 4024 injuria,

387 4064 414 4116 &
436 4059 531 4113 vitium
553 4055 658 4112 illatum
678 4052 734 4118 est,
754 4046 884 4104 nifienim
905 4062 1011 4107 totum,
1032 4037 1107 4115 quod
1126 4038 1251 4092 vitiatum
1271 4034 1325 4101 est,
1346 4049 1407 4088 era-

389 4142 513 4204 dicetur,
535 4137 635 4192 malum
656 4149 803 4207 numquam
823 4122 1018 4203 propulsatur.
1041 4121 1090 4175 llla
1111 4121 1184 4174 enirn
1205 4134 1287 4192 quarn
1309 4129 1406 4169 Auro-

391 4239 456 4276 urus
473 4231 590 4274 Murrus
606 4227 677 4280 Juau
700 4214 754 4285 (a)
776 4210 874 4285 allegat
892 4250 900 4275 ,
921 4205 1083 4280 experientia
1105 4240 1114 4266 ,
1134 4199 1235 4256 fistulas
1257 4214 1359 4261 ueras„
1380 4198 1408 4250 dc

389 4301 461 4358 carie
482 4296 598 4353 insedas
615 4333 625 4360 ,
645 4291 738 4368 sponte
759 4308 866 4347 curatas
887 4285 964 4345 fnisse
985 4327 994 4352 ,
1023 4283 1102 4341 valde
1125 4282 1254 4356 ambigua
1272 4278 1312 4333 vel
1335 4273 1408 4332 inso-

393 4380 450 4436 lens
472 4377 639 4439 admodum,
659 4379 686 4429 δε
703 4372 842 4447 fingulaiis
859 4369 982 4425 videtur.
1004 4366 1195 4419 Carcinomate
1211 4358 1409 4422 laborantibus

394 4460 466 4517 nulla
483 4456 558 4531 spes,
580 4454 625 4511 nifi
644 4455 808 4507 cruciatuum
828 4456 855 4506 dc
874 4449 987 4512 mortiS,
1005 4445 1113 4501 tandem
1134 4483 1142 4508 ‚
1163 4444 1249 4498 omnis
1267 4440 1408 4497 calamita·

394 4560 450 4597 mm
466 4536 527 4593 finis
544 4576 552 4602 ,
570 4534 746 4608 relinquitur.
1167 4544 1170 4550 ·

422 4644 473 4697 (a)
490 4637 569 4687 Traite'
585 4638 624 4685 des
638 4634 748 4682 maladies
762 4634 791 4680 de
807 4630 865 4679 l’oeil
881 4635 904 4676 Ρ.
915 4633 958 4676 ΙΙΙ.
976 4628 1046 4686 Chap.
1057 4631 1085 4675 V.
1102 4643 1124 4685 p.
1134 4630 1185 4682 468.

825 4742 851 4797 ξ,
895 4733 964 4786 XV.

434 4864 571 4937 Therapia
591 4878 679 4919 tamen
700 4859 790 4917 fistula
811 4855 985 4930 lacrymulis,
1006 4870 1061 4909 tarn
1084 4871 1099 4907 a
1121 4852 1257 4910 veteribus
1277 4853 1342 4906 artis
1353 4868 1409 4906 me-

395 4949 461 5005 ditm
482 4945 623 5001 {latoribus
642 4986 650 5011 ,
671 4962 753 5019 quarn
775 4961 790 4996 a
810 4938 1032 5001 recentioribus,
1063 4936 1146 4991 variis
1169 4935 1256 4990 modis
1278 4950 1378 4989 tentata
1400 4971 1409 4997 ,

395 5024 527 5103 uobisque
548 5026 639 5081 relidat
659 5030 685 5081 δι
707 5021 893 5083 commendata
914 5018 967 5075 fuit
986 5038 994 5074 ε
1015 5020 1094 5090 Quas
1116 5036 1180 5071 vero
1202 5002 1342 5071 methodos
1365 5012 1410 5068 ln-

394 5112 447 5167 ssus
471 5104 618 5174 recensere,
639 5107 681 5163 vel
703 5106 766 5162 ideo
786 5102 882 5159 inutile
892 5102 1090 5164 existimamus,
1111 5097 1185 5173 quod
1207 5098 1279 5152 idem
1300 5098 1334 5151 ab
1349 5095 1410 5151 aliis

395 5192 500 5267 prolixe
513 5187 621 5244 'farrum
643 5188 749 5245 luerit.
779 5186 835 5260 (a)
858 5184 953 5241 Obiter
975 5181 1122 5237 notandum
1141 5202 1156 5247 ,¹
1170 5192 1336 5244 Grannum,
1358 5177 1409 5251 (b)

398 5286 590 5329 unumunurn
613 5271 664 5345 (c)
685 5273 711 5325 dc
733 5268 800 5324 alios
830 5286 863 5322 ex
884 5263 1051 5329 veteribus,
1079 5281 1203 5338 magnam
1235 5262 1411 5335 utplurimum

394 5352 575 5411 remediorum
598 5351 785 5427 farraginem,
816 5368 876 5424 quae
897 5347 984 5405 aetatis
1005 5345 1078 5401 illius
1109 5344 1213 5400 indoles
1235 5339 1312 5399 fuiffe
1332 5341 1411 5397 vide-

396 5455 441 5492 tur
459 5475 469 5503 ,
490 5431 634 5507 congelsrlle
653 5474 661 5501 ,
682 5452 749 5508 >quae
770 5448 888 5497 tamen,
916 5428 935 5484 si
957 5447 1012 5483 rem
1032 5427 1113 5502 paulo
1135 5427 1253 5483 curatius
1274 5424 1411 5481 examine-

396 5536 482 5582 mus,
512 5516 661 5570 indistincte
682 5510 789 5589 prorsus
810 5510 1056 5576 commendantur,
1083 5527 1142 5584 quae
1163 5507 1205 5564 vel
1227 5504 1318 5563 saltem
1339 5499 1410 5558 diffr-

396 5598 492 5673 pandis
513 5600 541 5653 ὃς
562 5592 725 5673 resolvendis
746 5595 928 5661 tumoribus,
956 5593 1000 5650 vel
1020 5591 1165 5669 purgandis
1194 5594 1219 5648 δι
1240 5584 1409 5647 consolidam
