4667 6609
422 2528 454 2591 μ
755 2530 1145 2583 nnnotrrctttn.¹

423 2614 675 2678 inflammationem,
695 2613 739 2680 &,
760 2612 808 2671 nisr
828 2610 1085 2679 effi‘tacior'turatio
1106 2596 1293 2675 adhibeatur,
1313 2624 1435 2687 gangrae-

421 2716 482 2757 ,mm
503 2691 616 2776 brachio
636 2689 744 2751 adfert.
763 2712 772 2729 ³
812 2752 815 2755 Α
865 2743 868 2745 Α

865 2828 1022 2888 §.152⁴
1085 2853 1115 2875 „
1155 2855 1399 2878 -,

461 2937 589 2996 Protinus
617 2935 702 3013 igitur
729 2936 852 3015 scalpello
878 2941 953 2997 redo
980 2938 1060 3015 digiti
1089 2937 1266 3001 extremum,
1293 2928 1432 3008 ipseque,

421 3022 469 3095 qui
489 3019 527 3075 ibi
549 3018 676 3076 minimus
697 3020 735 3076 est
755 3061 764 3087 ,
784 3038 882 3078 tumor·
895 3021 993 3095 aperiri
1013 3018 1110 3078 debetr
1131 3017 1187 3093 post
1208 3016 1237 3070 in
1256 3013 1363 3090 plagam
1384 3011 1433 3067 de-
1454 3032 1457 3035 ⁴

422 3099 492 3155 mitti
512 3094 650 3175 specillum
679 3096 839 3168 sulcatum,
867 3104 896 3157 &
916 3098 994 3177 super
1022 3098 1172 3174 idvv'agim
1200 3095 1283 3153 incidi
1309 3134 1318 3160 ,
1347 3092 1433 3148 donec

420 3180 592 3254 perveniatur
608 3180 649 3238 ad
668 3184 802 3257 purulenti
822 3182 946 3239 humoris
965 3178 1052 3237 sedem
1068 3197 1077 3235 t
1094 3183 1132 3235 v&
1151 3219 1161 3245 ,
1187 3176 1207 3239 fi
1227 3196 1269 3233 res
1287 3171 1403 3249 postulat
1424 3211 1433 3237 ,

423 3260 459 3317 ad
478 3264 613 3337 carpum,
633 3262 773 3337 ‘illudque'
788 3263 992 3339 ligamentum,
1020 3257 1095 3333 quod
1116 3258 1197 3331 hujus
1223 3255 1335 3313 officulis
1357 3256 1434 3309 inne-

422 3360 487 3397 xum
507 3380 517 3406 ,
537 3342 671 3396 annulare
684 3342 766 3413 vulgo
786 3340 886 3395 dicitur
906 3383 915 3396 ,
935 3339 1013 3414 Quia
1033 3357 1115 3405 vero,
1136 3338 1154 3394 fi
1174 3338 1271 3394 vitium
1291 3338 1345 3405 jam
1367 3332 1435 3389 ado-

422 3422 488 3474 levit
508 3458 518 3484 ,
538 3416 611 3493 sape>
623 3418 721 3475 humor
741 3415 790 3476 suh
811 3420 859 3478 illo
879 3420 1025 3496 ligamento
1046 3420 1128 3476 haeret
1148 3441 1161 3484 ‚¹
1186 3416 1251 3471 huit
1267 3412 1434 3489 ,parcendum

420 3498 481 3564 est,
502 3500 592 3574 quia,
618 3496 648 3566 fi·
659 3498 688 3555 id
700 3496 811 3557 ¹secatur
831 3540 842 3567 ‚
871 3500 993 3577 tendines
1020 3518 1090 3576 quos
1111 3494 1313 3573 comprehendit
1324 3512 1391 3569 ,ev
1409 3492 1434 3548 l-

421 3596 547 3637 vuntur.
576 3581 664 3659 Igitur
684 3576 733 3639 sub
763 3581 909 3658 ligamento
936 3583 965 3638 in
985 3584 1111 3656 vaginam
1139 3576 1297 3653 compellere
1327 3589 1436 3649 oportet

312 3658 314 3660 ’
352 3712 355 3720 ,,
420 3658 584 3737 specillum,
610 3660 686 3719 &in
706 3662 790 3721 altera
810 3680 886 3739 parte
906 3660 986 3739 supra
1005 3663 1179 3737 ligamentum
1199 3657 1269 3715 istud
1289 3656 1379 3731 paulo
1392 3658 1436 3711 in-

422 3742 552 3799 clinatum
571 3744 627 3799 cuti
658 3745 805 3819 opprimere
829 3768 850 3811 ,⁸
866 3744 1001 3820 quoqhaec
1029 3758 1122 3799 contra
1152 3738 1251 3817 spetilli
1273 3737 1435 3816 principium

421 3822 590 3889 incidatur,
618 3828 645 3881 &
661 3825 754 3881 ‘exitus
776 3826 894 3882 materiae
914 3825 993 3881 detur
1015 3867 1021 3880 .
1049 3824 1121 3898 Saepe
1141 3824 1213 3880 enim
1233 3817 1309 3895 super
1330 3813 1437 3875 muscu-

418 3903 450 3960 -lo
470 3920 615 3977 pronatore
635 3905 796 3979 quadrato,
814 3906 870 3970 ⁴ubi
892 3902 999 3980 copiosa
1028 3904 1109 3978 adeps
1124 3903 1195 3968 est,
1227 3902 1340 3957 multum
1360 3899 1435 3973 puris

420 3983 505 4037 haeret
520 4023 543 4047 ,.
556 3982 630 4055 quod
650 4002 729 4038 omne
750 3985 917 4038 evocandum
937 3984 974 4037 est
994 4025 1002 4037 .
1032 3986 1103 4054 Qo
1120 3980 1256 4055 specillum
1287 3980 1382 4035 melius
1402 3996 1436 4036 eo

301 4108 304 4112 Δ
390 4112 391 4115 ,
420 4058 725 4137 usquecompellatur,
751 4062 814 4137 aegri
838 4080 932 4119 manus
954 4079 985 4117 ae
1011 4060 1123 4135 digiti,
1152 4076 1283 4136 quantum
1310 4077 1353 4115 res
1374 4077 1437 4134 per-

422 4144 540 4209 mittit,
562 4140 662 4199 debent
681 4144 810 4197 indedi.
840 4144 869 4197 Si
888 4158 1002 4199 evocata
1028 4144 1141 4197 materia
1162 4140 1245 4207 fuit,
1274 4138 1350 4197 ulcus
1370 4158 1437 4215 pur-

404 4220 543 4297 gandum
562 4221 600 4276 est
620 4231 629 4277 .“
646 4223 698 4277 Ne.
711 4240 767 4277 ,orae
786 4221 898 4277 celerius
919 4237 1040 4288 coeant,
1061 4221 1201 4277 commode
1222 4218 1271 4277 sub
1290 4220 1437 4295 ligamento

422 4303 532 4367 linum,
552 4300 595 4356 vel
614 4300 748 4357 habenula
770 4341 780 4367 ,
801 4303 934 4374 trajicitur
956 4342 965 4369 ,
985 4302 1029 4359 eui
1049 4301 1241 4360 meditamenta
1264 4341 1273 4367 ,
1292 4301 1434 4377 purgando

425 4381 508 4439 ulceri
529 4381 650 4450 idonea,
670 4382 826 4439 illinuntur.
1067 4380 1071 4381 ⁷

868 4511 894 4565 ἕ·
923 4520 987 4571 153·

462 4622 569 4680 Si‘haet'
587 4621 680 4680 omnia
700 4642 755 4680 non
774 4618 947 4697 proficiunt,
976 4639 1022 4678 nec
1043 4617 1070 4677 se
1091 4623 1204 4695 remittit
1224 4624 1407 4681 inflammatio
1428 4664 1437 4690 ,
1464 4636 1467 4641 ’

423 4701 648 4778 expeditiffimum'
663 4703 701 4775 est
720 4701 800 4777 supra
820 4704 892 4779 carpi
913 4703 1088 4779 ligamentum
1111 4745 1121 4771 ,
1150 4701 1236 4779 ipsum
1258 4703 1406 4762 musculum
1427 4745 1436 4771 ,

424 4784 474 4840 ubi
486 4785 518 4840 is
538 4783 723 4859 intendinem
743 4783 911 4859 degenerat,
931 4785 1075 4860 praecidere
1094 4804 1102 4843 3
1132 4786 1207 4861 quod
1228 4788 1358 4843 auxilinm
1380 4804 1437 4843 ma-

425 4864 469 4940 gis
498 4864 669 4921 commodum
697 4863 802 4921 videtur
827 4905 837 4931 ,
865 4884 946 4943 quam
976 4866 1115 4942 ligamenti
1149 4865 1287 4934 annularis
1324 4864 1436 4933 senio,

423 4943 500 5020 quod
520 4943 597 5010 ,nist
617 4944 728 5003 rodente
750 4947 860 5003 materia
879 4946 1013 5007 violatum
1032 4944 1064 5002 fit
1085 4985 1095 5011 ,
1123 4946 1256 5022 integrum
1275 4943 1436 5008 servandum

425 5024 490 5081 est.
521 5026 549 5080 Si
570 5045 634 5081 veto
655 5026 722 5083 illud
742 5024 879 5085 dilledlum
901 5027 985 5095 fuit,
1014 5041 1123 5102 oportet
1143 5046 1242 5102 aegrum
1272 5024 1374 5103 semper
1393 5028 1437 5085 di-

350 5172 355 5176 b
425 5106 496 5181 gitos
522 5104 638 5165 inflexos
666 5107 798 5181 hahere,
826 5109 909 5167 donec
939 5108 1007 5166 illud
1036 5109 1133 5164 iterum
1163 5106 1217 5163 fuit
1245 5108 1435 5185 glutinatum.

426 5187 610 5263 Quaecumque
631 5189 739 5246 'etiam
759 5191 864 5247 curatio
899 5190 1089 5255 adhibeatur,
1118 5188 1207 5246 minor
1226 5216 1242 5255 ·,
1275 5190 1323 5247 vel
1338 5190 1437 5249 'nullus

425 5264 489 5324 usus
518 5268 592 5327 illius
605 5268 692 5345 'digiti
708 5272 770 5348 .qui
792 5271 926 5331 laboravit
944 5310 955 5338 ,
985 5264 1168 5347 relinquitur3
1190 5272 1266 5341 cujus
1285 5271 1368 5329 etiarn
1390 5268 1437 5329 sae-

424 5366 573 5486 peffparpm
593 5346 716 5428 ¹superest
728 5377 731 5379 ·
744 5353 774 5410 in
786 5406 789 5409 Α
800 5362 866 5413 tota‘
884 5372 993 5423 manut,
1019 5371 1099 5431 quarn
1126 5352 1242 5431 rigidam
1263 5371 1369 5413 manere
1390 5372 1436 5412 ne-

421 5446 456 5485 ce
476 5448 525 5486 ee
560 5473 568 5487 .
766 5444 769 5451 ⁴
1371 5443 1373 5446 ’
