4667 6609
581 2537 873 2577 autera,
1192 2540 1242 2597 461

215 2611 328 2669 dunt&
350 2611 378 2668 in
399 2609 505 2669 diversa
527 2617 718 2672 contendunt.
750 2616 827 2674 Raro
848 2620 1018 2683 necessarium
1038 2630 1108 2695 est,
1136 2645 1170 2687 ut
1186 2628 1243 2687 hoc

214 2692 536 2768 habenis.fiat,·quibus
558 2695 674 2753 humeri
687 2693 808 2770 superius
831 2700 997 2781 inferiusque
1016 2726 1097 2783 caput
1116 2711 1244 2789 deligan-

212 2792 276 2832 tur;
298 2777 326 2834 Si
343 2793 375 2832 os
396 2772 575 2834 transversum
596 2780 623 2832 &
644 2776 685 2835 itas
705 2775 885 2849 fradumest,
906 2801 938 2843 ut
959 2804 1043 2843 unum
1058 2807 1090 2846 os
1110 2790 1241 2867 superas,

211 2872 299 2911 terum
321 2852 442 2914 confistat
461 2894 470 2920 ,
491 2853 590 2913 necesse
610 2859 650 2915 est
670 2900 679 2925 ,
700 2876 730 2916 ut
750 2859 923 2931 brachium,
944 2868 1019 2942 quod
1040 2870 1084 2927 vel
1106 2874 1240 2944 mitella,
1311 2896 1314 2901 ·

175 2952 187 2986 ς
211 2936 256 2992 vel
277 2933 379 3000 fascia,
400 2934 442 2991 vel
463 2938 613 2997 canaliculo
634 2942 786 3015 excipitur,
807 2944 1008 3007 adstrictius&
1030 2952 1069 3008 ita
1086 2949 1241 3028 suspensum

209 3015 261 3082 fit,
281 3031 312 3072 ut
329 3014 412 3089 paulo
434 3020 521 3093 magis
543 3020 702 3079 attollatur.
724 3023 781 3081 Ubi
804 3042 936 3086 antemos
956 3030 1101 3109 obliquum
1122 3034 1240 3096 fractum

209 3099 263 3163 esi,
284 3098 339 3153 haec
359 3096 487 3156 uiridium
508 3099 596 3161 laxior
616 3100 666 3161 esse
687 3103 783 3172 debet,
805 3124 837 3163 ut
858 3111 1009 3170 membrum
1030 3118 1117 3191 magIs
1139 3118 1242 3193 depen-

209 3179 297 3235 deat.
328 3178 357 3235 Si
378 3181 453 3249 juxta
474 3178 639 3257 superiorem
661 3187 807 3245 articulum
830 3190 952 3251 fradura
972 3196 1034 3261 est,
1061 3195 1111 3255 illa
1131 3200 1242 3274 opinio·

210 3279 271 3316 nem
293 3261 380 3316 iurati
401 3260 459 3319 offis
482 3262 570 3323 facere
590 3268 696 3342 potest,
716 3272 743 3325 dc
764 3272 894 3330 articulus
916 3276 945 3332 in
965 3276 1117 3351 periculum
1138 3281 1241 3348 venit,

209 3361 242 3397 ne
259 3339 389 3418 rigescat.
412 3349 638 3418 (12141226.)
660 3351 704 3405 Illi
725 3354 788 3409 loco
809 3373 863 3411 non
885 3352 951 3413 satis
972 3375 1035 3433 apta
1055 3361 1095 3417 est
1115 3361 1241 3429 habena,

207 3441 267 3498 quae
288 3426 359 3485 circa
381 3427 531 3485 membrum
553 3430 690 3499 volvitur,
711 3452 798 3508 quare
818 3437 944 3495 adhiberi
964 3442 1050 3515 potest
1058 3438 1161 3511 fascia,
1178 3443 1241 3522 quae

206 3505 262 3561 duo
283 3505 317 3562 de
338 3508 436 3581 viginti
456 3512 546 3586 capita
560 3512 660 3569 haber.
682 3519 813 3586 (1239.)
1164 3533 1166 3535 ’
1228 3570 1231 3573 .

620 3634 623 3639 .
658 3604 684 3658 §‚
709 3600 795 3662 1269.
1045 3650 1046 3653 ,
1115 3659 1119 3661 ,
1223 3654 1227 3658 .

235 3666 301 3735 At,
322 3666 341 3723 s1
362 3668 505 3727 brachium
527 3672 642 3730 fractum
665 3674 720 3741 est,
740 3677 867 3751 inprimis
883 3679 1044 3739 considerari
1065 3703 1178 3761 oportet
1197 3689 1240 3744 al-

206 3766 294 3807 terum
316 3768 347 3806 os
364 3790 374 3819 ,
395 3770 429 3807 au
451 3770 599 3829 utrumque
618 3758 805 3815 conminutum
828 3759 878 3816 sit.
900 3764 987 3837 Qrod
1007 3768 1080 3823 enim
1101 3771 1238 3845 integrum

204 3831 268 3897 est,
290 3831 368 3887 alteri
390 3835 492 3891 auxilio
514 3832 565 3892 else
586 3839 673 3910 potest
691 3882 698 3896 ,
729 3840 802 3896 illud
824 3841 1023 3918 cognoscitur,
1043 3848 1064 3903 si
1086 3851 1238 3908 membrum

205 3930 288 3969 manu
309 3913 593 3987 comprehenditur&
616 3918 700 3975 altera
721 3939 805 3976 mann
827 3922 947 3980 hominis
967 3928 1057 4000 palma
1076 3933 1238 4005 inprobum

207 4010 288 4067 atque
310 3990 434 4068 supinum
455 4001 650 4055 convertitur.
672 4002 746 4057 Nam
767 4020 818 4068 os,
840 4006 914 4080 quod
936 4005 1074 4083 integrum
1095 4012 1133 4068 est
1154 4054 1163 4079 ,
1183 4011 1237 4070 sub

203 4075 387 4148 prementibus
408 4076 503 4153 digitis
524 4079 657 4146 consistit,
678 4088 705 4139 dc
726 4085 872 4153 renititur,
894 4086 1012 4145 fradum
1030 4088 1128 4149 iisdem
1145 4096 1235 4153 cedit.

204 4154 282 4212 Illud.
298 4156 494 4230 ligamentum,
516 4162 590 4234 quod
611 4165 682 4218 inter
701 4160 757 4219 ossa
779 4166 898 4224 medium
919 4170 974 4236 est,
995 4175 1237 4245 (1184.)ossra·-=

202 4238 278 4295 ,stum
299 4237 335 4292 ad
357 4238 470 4296 alterum
490 4241 618 4297 adducit.
1167 4304 1169 4307 ,

336 4366 339 4370 ,
657 4331 684 4388 §.
709 4343 796 4395 1270.

245 4400 390 4457 Valentius
411 4402 522 4459 extendi
543 4403 650 4480 oportet
668 4407 836 4474 membrum,
858 4409 876 4466 fi
898 4428 1045 4491 utrumque
1064 4435 1097 4473 os
1116 4418 1235 4479 stadum

202 4483 241 4539 est
256 4479 265 4536 ’.
288 4483 318 4538 Si
337 4502 401 4539 vero
414 4483 515 4541 radius
534 4483 609 4556 solus
630 4487 780 4553 perfractas
798 4490 862 4557 est,
883 4490 1039 4552 membrum
1055 4517 1153 4572 parum
1173 4542 1185 4568 ,
1205 4507 1234 4559 δι

202 4564 260 4628 ita,
280 4564 456 4630 intenditur,
476 4583 506 4621 ut
527 4585 623 4622 manus
644 4567 789 4623 inclinetur
810 4571 845 4625 ad
867 4574 1015 4631 minimum.
1030 4577 1174 4653 digitum,
1195 4583 1234 4641 ad

200 4645 326 4719 pollicem
339 4663 421 4710 vero,
443 4643 460 4699 fi
479 4645 508 4709 id
529 4647 623 4702 cubito
644 4648 758 4703 accidit.
781 4652 815 4705 In
836 4656 1005 4713 continendis
1020 4656 1118 4716 offibus
1137 4666 1233 4722 omnia

201 4724 330 4782 curiosius
348 4726 470 4801 &paulo
492 4730 579 4802 magis
599 4728 735 4785 'adstridis
753 4728 845 4788 fasciis
867 4733 1014 4814 ferulisque
1034 4738 1093 4796 fieri
1113 4762 1233 4819 oportet,

199 4808 221 4862 fi
241 4807 297 4863 duo
318 4803 391 4872 offa,
411 4827 497 4883 eaque
517 4810 649 4885 obliqua,
670 4809 756 4867 frasta
777 4810 855 4873 sunt.
874 4817 968 4885 Nam,
989 4821 1037 4878 ubi
1056 4824 1170 4881 alterum
1186 4830 1234 4883 in-

200 4906 307 4964 tegrum
328 4889 390 4954 est,
409 4890 469 4964 plus
488 4892 548 4965 opis
569 4894 597 4947 in
618 4892 696 4958 boc,
717 4912 799 4969 quam
822 4898 851 4953 in
872 4897 965 4957 fasciis
985 4902 1159 4982 ferulisque,
1179 4906 1233 4966 esse

201 4967 283 5027 solet.
306 4972 393 5026 Panni
415 4972 495 5027 valde
516 4974 637 5049 angusti,
659 4971 703 5030 sed
724 4975 797 5032 densa
819 4998 850 5036 ac
872 4982 1054 5059 multiplices,
1076 4992 1232 5048 necnonsr-

158 5067 160 5070 ·
202 5052 279 5108 miles
300 5051 392 5108 serulae
410 5055 577 5131 ,utrimque
597 5057 669 5112 inter
691 5057 747 5115 duo
759 5059 826 5116 baec
846 5060 901 5119 ossa
922 5061 1001 5142 super
1024 5068 1199 5145 ligamentum
1220 5114 1233 5139 ,

202 5134 277 5207 quod
295 5136 365 5189 inter
380 5154 411 5190 ea
427 5135 547 5199 medium
565 5135 614 5194 esse
635 5138 713 5206 dixi,
730 5143 895 5216 imponenda
913 5143 995 5216 sunt,
1014 5152 1085 5208 nihil
1099 5173 1166 5211 vero
1179 5156 1233 5219 ho.-

201 5233 261 5275 rum
279 5211 359 5291 supra
377 5214 505 5293 infraque
521 5223 547 5276 dc
558 5216 642 5296 ,super
655 5218 711 5297 ipsa
728 5220 783 5279 ossa
799 5225 921 5287 dandum
935 5232 991 5288 est.
1033 5278 1037 5283 .
1068 5281 1070 5284 .

307 5342 308 5345 ,
345 5367 348 5369 p
648 5313 675 5377 ς.
700 5323 787 5376 1271.
1201 5347 1226 5375 3,

202 5396 204 5399 ·
242 5377 328 5454 Quod
348 5378 367 5435 fi
384 5401 417 5438 ex
434 5382 548 5458 palma,
568 5403 670 5453 manu,
693 5384 866 5465 digitisque,
891 5394 999 5471 aliquid
1023 5395 1141 5463 fraciam
1169 5402 1200 5459 it
1221 5444 1232 5470 ,

203 5460 271 5529 nibil
287 5464 350 5522 novi
376 5464 448 5537 aliud
467 5467 575 5541 curatio
592 5470 708 5544 requirit
726 5514 733 5526 .
754 5473 858 5531 Fer-ulae
880 5476 978 5552 digitis
993 5484 1232 5551 accommodanda

205 5537 283 5613 suut,
295 5562 357 5623 quae
373 5565 407 5605 eu
421 5548 517 5605 charta
532 5552 625 5607 enada
638 5552 831 5633 glutinataque
845 5554 936 5615 fiunt.
1221 5579 1222 5582 ’
