4667 6609
296 2638 304 2652 .
366 2654 369 2658 ,
436 2594 465 2650 nt
716 2587 943 2631 patronoue.
960 2568 1161 2622 nnsees'sus.

477 2771 588 2825 sivero
608 2755 787 2813 inflammatio
806 2771 858 2829 pro
879 2740 1061 2823 magnitudine
1083 2754 1158 2794 nonae
1179 2733 1267 2788 minor
1287 2730 1349 2795 est,
1376 2747 1442 2786 cont

436 2850 488 2906 ferr
514 2844 602 2899 locum
630 2835 776 2913 perfricare
803 2839 830 2891 δι
851 2829 927 2906 super
956 2824 1031 2881 illum
1062 2821 1169 2890 injicere
1200 2806 1388 2887 cataplasmata
1407 2811 1441 2863 ex'

434 2922 625 2983 resolventibus
646 2922 673 2975 ὅ(
694 2915 920 2977 emollientibus,
940 2908 983 2964 vel
1003 2902 1168 2978 emplastra,
1189 2914 1248 2971 quat
1269 2892 1393 2949 molliunt
1414 2893 1441 2945 dt

433 3008 576 3082 digerunt,
596 3004 666 3057 inter
686 3019 744 3075 qua
764 2994 912 3071 diaehylon
931 2984 1104 3064 compositum
1124 2983 1239 3059 primum
1257 2972 1296 3030 est
1311 3016 1316 3028 .
1329 2975 1381 3028 De
1398 2972 1441 3026 his

434 3086 528 3152 infra,
547 3084 595 3140 ubi
615 3082 649 3139 de
669 3099 811 3158 gangrena
832 3092 942 3153 agetur,
962 3068 1121 3127 dicendum.

475 3246 602 3313 Nocent3
622 3242 642 3301 st
662 3243 834 3301 inflammatis
856 3236 1052 3294 admouentur,
1074 3228 1134 3301 olea
1154 3221 1302 3284 destillare,
1324 3232 1445 3292 unguen·

436 3348 487 3396 ta,
507 3331 598 3405 opiata
617 3372 624 3382 .
646 3327 674 3381 Si
696 3325 798 3398 magnis
820 3317 975 3376 vulneribus
996 3302 1148 3381 supervenit
1168 3302 1344 3359 inflammatio
1366 3338 1374 3363 2
1395 3313 1444 3371 pus

438 3411 598 3467 movendum
619 3407 682 3461 est3
704 3403 722 3457 st
743 3419 831 3455 autem
853 3397 951 3451 vulnus
972 3390 1008 3445 est
1029 3391 1057 3443 in
1077 3404 1153 3463 parte
1173 3377 1303 3443 nervosa,
1326 3378 1447 3432 inciden-

436 3493 501 3546 dum
522 3490 583 3551 est,
605 3486 689 3539 donec
710 3478 773 3535 satis
795 3493 884 3551 pateat
905 3515 914 3540 2
942 3470 995 3528 fine
1014 3488 1071 3546 quo
1092 3462 1269 3523 inflammatio
1289 3460 1380 3513 curari
1400 3476 1447 3512 ne-

436 3573 519 3646 quit.
541 3567 569 3623 Si
590 3564 625 3619 ab
646 3578 737 3619 emoto
757 3556 811 3616 olle
830 3574 891 3614 orta
912 3553 966 3611 fuit
987 3594 996 3620 ,
1023 3570 1080 3608 non
1099 3549 1172 3622 prius
1194 3584 1203 3609 2
1233 3559 1314 3617 quam
1335 3538 1383 3593 illo
1404 3557 1448 3592 re-

436 3648 537 3726 posito,
557 3648 674 3703 levatur.
698 3641 895 3699 Medicamenta
915 3636 1027 3693 celerius
1049 3624 1210 3703 imponenda
1231 3620 1306 3687 suut,
1326 3616 1448 3676 tumfri-

436 3751 486 3809 gus
507 3735 534 3787 δι
555 3736 600 3785 aer
621 3745 675 3785 non
696 3742 789 3800 parum
805 3718 940 3779 offendere
955 3712 1054 3792 >possint
1075 3712 1256 3769 inflammata.

662 3869 1218 3943 ABSCESSUS.

857 4040 994 4107 .§‚84.

463 4211 538 4281 ¹Ubi
558 4225 656 4275 autem·
678 4208 758 4261 nimis
778 4204 898 4259 ualenter
928 4212 1031 4254 retenta
1060 4195 1172 4251 materia
1192 4190 1256 4258 est',
1285 4189 1332 4245 illa
1353 4190 1452 4261 iupus

439 4295 573 4349 uertitur.
596 4296 607 4361 (
628 4291 699 4357 54.)
722 4285 948 4358 Suppurationem
967 4294 1031 4333 vero
1053 4275 1173 4331 futuram
1193 4268 1244 4327 else
1264 4269 1422 4343 intelligitur
1443 4308 1452 4332 ,

439 4372 460 4429 fi
481 4370 661 4427 inflammatio
682 4386 736 4423 non
755 4368 795 4420 ita
815 4362 907 4420 valida
927 4359 981 4426 est,
1002 4376 1032 4412 ac
1052 4353 1103 4412 esse
1123 4352 1208 4418 solet7
1229 4350 1247 4405 sr
1267 4351 1313 4406 illa
1336 4350 1370 4404 ad
1387 4367 1454 4425 gan-

441 4471 557 4531 graenam
578 4446 678 4524 speciat
695 4488 704 4514 ,
724 4444 743 4500 st
764 4444 847 4518 febris
869 4442 993 4519 quamuis
1014 4454 1152 4502 tenuata,
1182 4452 1243 4489 cum
1263 4431 1358 4488 dolore
1379 4471 1387 4496 ,
1408 4448 1454 4485 ca-

441 4538 501 4590 lore
521 4526 696 4602 omnibusque
717 4523 904 4598 symptomatis
925 4536 1089 4593 permanet,
1110 4520 1136 4572 bt
1157 4513 1176 4569 sr
1197 4514 1287 4570 omnia
1309 4510 1356 4565 illa
1377 4512 1454 4566 auxi-

440 4616 502 4677 lia,
523 4630 581 4684 quae
602 4606 680 4681 supra
700 4606 888 4680 praecepimus,
911 4604 978 4666 (61.
998 4597 1039 4667 ad
1052 4597 1118 4659 81.)
1140 4594 1208 4649 nihil
1229 4591 1373 4667 proficiunt
1394 4636 1400 4646 .
1425 4593 1453 4647 Si

438 4688 605 4751 decrescente
627 4686 703 4743 febre
723 4705 756 4755 etr
776 4686 856 4741 urina
876 4679 945 4736 nihil
961 4675 1069 4734 desidit.
1092 4676 1121 4730 Si
1136 4691 1227 4729 tumor
1248 4673 1454 4747 rotunduspro-

440 4768 594 4846 fundusque
614 4768 649 4827 ab
670 4768 749 4821 initio
769 4783 832 4821 cum
852 4762 954 4818 duritie
974 4778 1005 4815 ac
1032 4756 1130 4812 rubore
1152 4750 1306 4810 adolescit.
1337 4755 1365 4810 Si
1386 4772 1454 4828 aeger

432 4854 605 4931 'gravitatem
624 4848 738 4904 tumoris
759 4842 854 4901 sentit.
876 4844 904 4899 Si
925 4842 1007 4897 etiam
1022 4838 1103 4894 dolor
1123 4855 1185 4894 cum
1201 4834 1258 4902 frti,
1278 4836 1374 4910 vigilia
1384 4832 1457 4891 aliis-

432 4935 499 5015 >*que
519 4929 705 5009 symptomatis
725 4922 860 4986 increscit.
1308 4959 1310 4961 .

476 5021 481 5027 ’
901 5012 927 5070 §.
950 5004 996 5072 ὃς.

484 5096 596 5152 Oriente
616 5112 680 5150 vero
699 5110 766 5169 pure
789 5131 799 5158 ,
830 5088 929 5146 iterum
948 5085 1073 5142 inhorret
1103 5098 1171 5155 ager
1183 5111 1201 5145 ,ι
1222 5077 1345 5135 horroris
1365 5094 1455 5135 tamen

444 5179 546 5236 ineerta
565 5193 686 5251 tempora
706 5171 784 5230 sunt.
807 5172 933 5227 Summus
953 5184 1044 5224 tumor
1065 5158 1193 5218 mollescit
1213 5164 1240 5216 &
1261 5160 1344 5216 rubor
1366 5160 1456 5215 inal-

444 5260 511 5316 bum
531 5275 648 5315 mutatur
670 5299 677 5311 .
706 5255 768 5312 Ubi
788 5255 842 5323 jam
864 5252 894 5307 in
913 5267 1018 5307 tumore
1038 5246 1136 5301 humor
1156 5239 1242 5298 subest
1265 5281 1275 5308 ,
1301 5241 1346 5297 ille
1367 5241 1455 5318 digito

444 5358 586 5415 parumper
605 5337 677 5396 cedit
696 5379 705 5404 ,
725 5328 962 5409 circumfluensque
984 5330 1013 5386 id
1032 5368 1042 5393 ,
1068 5325 1141 5401 quod
1161 5343 1217 5382 non
1235 5325 1392 5399 premitur,
1414 5340 1456 5379 at-

402 5435 405 5437 ’
443 5419 518 5477 tollit
538 5440 547 5478 3
567 5440 621 5496 quo
641 5438 760 5494 tempore
781 5420 865 5475 etiam
885 5414 966 5473 dolor
987 5408 1015 5469 se
1036 5407 1202 5484 aliquantum
1223 5406 1336 5461 remittit
1358 5444 1367 5470 ,
1393 5423 1456 5480 graa

444 5503 517 5557 vitas
537 5519 600 5557 vero
629 5518 740 5578 augetur
763 5544 770 5556 ,
801 5496 944 5573 Quamdiu
974 5493 1046 5552 enim
1074 5490 1194 5549 humoris
1226 5505 1321 5564 magna
1341 5488 1455 5560 parsin

443 5580 513 5653 uasta
534 5581 615 5642 haeret
634 5623 644 5653 ,
665 5598 754 5645 tumor
774 5579 858 5642 durus
880 5579 917 5639 est
936 5583 963 5639 dc
984 5574 1130 5642 renitens,
1157 5589 1240 5652 quam
1269 5571 1391 5648 primum
1408 5586 1455 5625 ve-
