4667 6609
523 2547 540 2581 ’,ῑ
577 2543 652 2601 ‚xer
678 2543 937 2588 uu‘zusttrurciar.
966 2551 1000 2589 ῑΐ
1239 2559 1285 2605 553

250 2616 468 2690 protrahuntur,
487 2618 537 2678 vel
552 2630 646 2677 ornnes
664 2622 707 2677 vel
725 2640 818 2677 earum
845 2629 1009 2697 partemii
1025 2646 1106 2689 utero
1127 2630 1289 2707 relinquun-

251 2712 321 2755 tur.
342 2701 423 2759 Dum,
436 2699 519 2757 etiam
541 2718 636 2756 manus
657 2704 687 2756 in
709 2718 817 2758 uterum
835 2704 1004 2775 demittitur,
1025 2730 1087 2767 cum
1105 2708 1229 2771 secundis
1237 2731 1290 2769 ex-.

256 2780 312 2833 cuti
330 2776 435 2853 possunt
451 2779 525 2843 alia,
546 2797 606 2854 quae
627 2776 693 2855 saepe
714 2781 787 2838 intus
804 2779 881 2852 sunt,
903 2791 1012 2846 coaetus
1033 2788 1159 2865 sanguis,
1178 2793 1284 2864 molae„

254 2857 380 2934 quaenist
400 2861 655 2919 eximanturnovis
675 2859 842 2931 doloribus,
871 2869 928 2941 post
949 2889 1058 2945 partum
1079 2869 1252 2932 saevientibus
1268 2918 1283 2945 ,,

250 2940 454 3004 ’,εχτιῑὼεηωμ
476 2939 540 2995 Sed
562 2960 626 2999 vero
639 2942 733 3004 ,multa
754 2944 838 3006 etiam
858 2966 957 3023 genera
979 2956 1150 3027 &tempora
1171 2957 1285 3029 periculi

254 3016 342 3085 sunt,
371 3011 533 3077 sisetundae
554 3023 633 3080 valde
654 3022 857 3086 inhaerelrenres
878 3032 909 3085 vi
934 3030 1064 3095 adhibita
1085 3034 1285 3095 diducuntur.

253 3102 348 3172 Qare
363 3103 456 3177 ⁴magis
478 3118 567 3160 tutum
589 3106 702 3164 omnino
722 3106 851 3175 videtur,
873 3108 906 3177 st,
926 3116 1065 3186 protracto
1087 3114 1209 3183 infante,
1227 3119 1283 3194 stne

249 3199 329 3242 ,mora
349 3181 430 3239 educi
449 3181 555 3259 possunt
577 3183 719 3248 secundae.r
741 3189 794 3252 Sed
817 3208 901 3259 vero,
921 3212 983 3251 cum
1005 3194 1034 3251 id
1055 3192 1122 3271 saepe
1143 3216 1216 3264 non,
1238 3197 1288 3255 nisi

253 3264 410 3339 aegerrime,
432 3263 494 3335 siat,
517 3286 565 3325 nec
586 3270 621 3327 ad
642 3290 688 3328 eas
710 3271 866 3346 eximendus
888 3274 957 3333 adeo
978 3277 1181 3352 properandum
1202 3276 1254 3336 esse
1272 3320 1285 3347 ,

250 3346 340 3419 plures
361 3348 391 3401 in
412 3366 470 3405 arte
491 3352 633 3408 exercitati
654 3353 714 3423 viri,
729 3355 915 3429 praecipiunt,
943 3360 991 3434 qui
1011 3358 1135 3430 jubent,
1157 3378 1187 3418 ut
1207 3403 1216 3429 ,
1237 3361 1287 3417 nisi

252 3427 328 3483 aliud
346 3424 432 3503 quid,
454 3432 539 3488 veluti
560 3431 819 3512 graviorsanguinis
841 3433 980 3512 profuso,
1001 3440 1156 3517 idexigat,
1178 3442 1287 3501 feminae

251 3512 381 3584 temporis
402 3530 497 3587 parum
520 3513 628 3583 detur,
650 3534 706 3593 quo
727 3536 743 3575 a
762 3517 907 3582 laboribus
928 3518 1058 3595 respirare
1079 3522 1179 3596 poffit,
1200 3522 1287 3580 vires-

251 3607 305 3665 que
326 3591 468 3669 colligere.
489 3598 561 3659 Eam
582 3614 712 3675 quoque,
732 3599 752 3655 si
774 3601 802 3654 in
824 3597 901 3661 sedili
923 3619 1031 3674 partum
1051 3603 1189 3669 ediderit,
1210 3599 1287 3660 resu-

247 3672 343 3745 pinam
364 3674 393 3726 in
414 3676 513 3731 lectulo
535 3678 723 3735 collocandam
744 3676 813 3741 esse,
834 3699 897 3734 cum
918 3680 952 3736 fic
975 3698 1108 3738 nontam
1131 3682 1210 3739 facile
1230 3682 1288 3759 ipse

244 3768 352 3815 ,uterus
370 3747 499 3815 secundas
523 3772 605 3814 manu
625 3757 726 3826 tertias
747 3752 876 3831 sequatur
896 3802 903 3813 .
927 3762 1000 3837 Saepe
1020 3763 1092 3825 enim
1114 3760 1174 3821 sieri
1193 3805 1203 3831 ,
1225 3783 1257 3821 ut
1277 3808 1288 3832 ,

249 3834 392 3896 contracto
415 3834 554 3908 ,paulatim
574 3852 679 3902 utem,
705 3834 826 3893 secundae
840 3858 907 3913 =quae
932 3843 967 3897 ab
989 3845 1070 3906 initio
1088 3864 1143 3903 non
1161 3887 1171 3912 ,
1189 3844 1237 3901 nili
1258 3850 1288 3903 vi

248 3914 392 3980 adhibita,
412 3913 505 3972 diduci
525 3912 686 3991 potuissent,
707 3917 761 3973 sine
777 3920 890 3993 negotio
897 3958 906 3987 ,
925 3924 1014 3979 tracto
1029 3924 1208 4002 concussoque
1214 3946 1286 4002 pau-

248 3995 337 4053 lulum
358 3994 488 4053 umbilico
498 4029 513 4063 ,v
523 3997 655 4054 'excidant
669 4019 684 4052 a
696 4040 703 4052 .
1131 4036 1134 4038 ·

245 4133 248 4136 ’
283 4140 297 4167 a
313 4128 382 4172 Hanc
397 4122 536 4170 sententiam
558 4122 670 4182 proposuit
694 4139 738 4183 prae
754 4126 837 4175 ceteris
861 4137 946 4176 nuent.
964 4113 1065 4178 monuo
1088 4136 1113 4179 in
1134 4131 1170 4181 tbe
1189 4134 1287 4183 Medicas

246 4181 328 4241 :uffan
343 4181 387 4228 Vol.
404 4187 440 4227 Π.
456 4183 503 4240 obs.
521 4185 566 4227 Xr.
581 4193 693 4240 pazo.>
937 4200 940 4201 ⁷
1037 4224 1040 4227 .
1142 4228 1144 4230 ,

397 4294 401 4303 ,
703 4253 728 4310 §.
753 4266 839 4319 1423÷
1032 4299 1034 4301 .

292 4324 378 4383 Edito
399 4324 502 4385 infante
523 4336 532 4392 '2
553 4324 711 4403 eductisque
733 4324 877 4398 secundia,
899 4332 1024 4388 mulieris
1045 4332 1173 4409 pudenda
1194 4356 1284 4412 panno

247 4406 386 4482 tepesasio
407 4408 554 4485 operienda
575 4407 656 4475 sunt,
677 4428 711 4465 ne
732 4416 779 4466 air
801 4429 927 4487 uterum,
949 4431 1013 4471 tnnc
1034 4427 1176 4490 apertum,
1197 4421 1286 4476 osten-

245 4488 314 4556 dat.
337 4490 447 4547 Femina
468 4492 497 4546 in
518 4490 619 4547 lecturo
637 4490 794 4548 collocanda
815 4495 878 4559 est,
898 4498 925 4551 ἃ
943 4496 1015 4561 ,illi
1037 4498 1056 4551 fi
1077 4500 1133 4566 iam
1155 4498 1285 4559 numero-

247 4567 306 4626 sum
328 4588 434 4646 partum
455 4571 565 4637 edidit,
587 4567 697 4640 fascia,
720 4590 775 4647 qua
796 4591 891 4631 venter
912 4576 1052 4649 paululum
1074 4578 1252 4655 adstringitur
1268 4610 1284 4650 ·,

247 4651 415 4724 injicienda.
436 4654 501 4707 Haec
523 4648 721 4727 supervacanea
742 4654 904 4731 plerumque
925 4653 976 4712 else
997 4654 1063 4715 solet
1091 4662 1120 4713 in
1147 4659 1251 4719 semina
1272 4692 1283 4731 ,

248 4735 446 4809 quae-primum
467 4750 576 4809 parturn
605 4733 685 4792 enixa
706 4733 767 4801 est,
797 4754 860 4793 cum
881 4736 929 4793 illa
957 4755 1063 4796 tantum
1095 4739 1281 4802 infirmitatem

249 4816 364 4871 relaxati
386 4817 473 4882 uteri,
494 4815 652 4890 peritonaeI,
673 4831 759 4891 atque
781 4815 964 4877 musculorum
986 4821 1165 4892 abdominis,
1186 4824 1204 4880 st
1225 4845 1282 4903 qua

248 4898 286 4954 est
305 4937 314 4964 ,
334 4896 465 4969 adjuvare
487 4894 590 4972 possit.
621 4898 663 4953 Ea
679 4915 744 4955 uero
763 4937 773 4965 ,
793 4899 814 4955 si
833 4902 934 4959 arciius
955 4904 1169 4974 circumdatur,
1189 4911 1215 4964 Sc
1236 4910 1281 4965 ni·

250 4980 353 5047 mium,
370 4982 503 5055 praecipue
520 4995 645 5047 uterum,
664 4979 781 5055 premit,
800 4984 929 5041 omnibus
949 4985 1030 5043 valde
1047 4989 1175 5046 nocitura
1189 4990 1238 5047 est.
1307 5014 1311 5021 ·

252 5114 264 5121 .
701 5072 726 5128 §-
751 5081 838 5135 1424·

290 5145 475 5201 Gemellorum
497 5145 616 5220 quilibet
637 5145 721 5203 habet
739 5141 818 5203 suum
831 5149 1045 5219 uelamentum,
1067 5149 1198 5232 suumque
1219 5174 1281 5213 um·

247 5223 376 5281 bilicum.
398 5226 449 5281 llla
472 5245 539 5283 vero
559 5225 735 5285 secundarum
750 5247 831 5303 parc,
852 5252 935 5309 quam
950 5236 1115 5292 recentiores
1131 5238 1281 5313 placentam

247 5321 370 5372 vocant,
392 5308 529 5365 interilum
548 5308 637 5368 divisa
655 5352 665 5378 ,
685 5310 820 5368 interdurn
840 5333 930 5373 autem
957 5318 996 5374 ita
1018 5336 1144 5376 concreta
1168 5323 1231 5390 est,
1253 5338 1283 5377 ut

249 5387 342 5443 dirimi
358 5385 410 5444 line
431 5390 595 5454 laceratione
616 5411 673 5450 non
690 5391 785 5470 poffit.
807 5395 856 5463 Si,
877 5400 937 5474 posi
957 5399 1211 5475 editumpartum,
1233 5403 1281 5459 de-

250 5466 417 5546 ligatumque
430 5473 618 5541 umbilicum,
640 5478 746 5534 mulieri
767 5495 863 5534 venter
884 5500 938 5537 non
960 5479 1142 5552 detumescit,
1163 5483 1210 5543 sed
1231 5486 1285 5541 du-

250 5567 296 5605 rus
319 5568 407 5609 manet
426 5592 435 5620 ,
457 5572 538 5631 atque
561 5558 690 5632 impolitae
713 5560 803 5617 manui
826 5563 981 5631 renititur,
1009 5564 1142 5625 obstetrix
1170 5567 1283 5634 debet,

252 5641 396 5714 antequam
419 5633 546 5717 secuntias
558 5639 852 5722 cliducitmmbilicurn
873 5640 970 5721 sequi,
991 5651 1018 5705 u<
1030 5666 1113 5712 manu
1129 5653 1162 5709 >in
1174 5668 1284 5728 uterum

885 5726 990 5801 A333
