4667 6609
537 2548 862 2597 saisientur.
1183 2520 1215 2579 49

641 2643 666 2699 ς.
696 2647 761 2699 154·

241 2729 327 2792 Incisa
346 2731 444 2805 vagina
471 2721 553 2778 fincte
582 2729 698 2793 oportet,
719 2706 876 2783 sanguinem
903 2706 985 2759 fluere
1004 2708 1018 2767 ,⁷
1041 2698 1215 2777 quo'minor

197 2813 374 2872 inflammatio
394 2809 497 2865 oriatur
517 2843 524 2855 .
547 2800 575 2853 Si
597 2815 663 2854 vero
683 2795 707 2849 is
727 2808 789 2848 cum
810 2788 913 2859 impetu
933 2781 1107 2858 periculosius
1130 2780 1216 2845 ruit,

199 2915 253 2953 non
273 2888 470 2949 medicamentis
492 2869 695 2952 supprimendus
703 2872 761 2938 est,
782 2865 829 2925 sed
851 2866 954 2923 arteria
975 2862 1123 2921 vinciendae
1133 2858 1215 2920 sunt.

199 2974 326 3045 (Vidde
344 2968 492 3024 Vulnerum
514 2954 752 3029 haemorrhagia.)
1038 2952 1041 2953 ’
1202 2956 1217 2962 ·’

332 3106 336 3111 .
642 3042 668 3099 §-
693 3052 725 3101 15
731 3051 783 3101 50.
904 3057 906 3059 ’
987 3080 988 3083 ¹
1015 3068 1018 3071 2

237 3137 289 3189 His
312 3144 398 3185 autem
420 3120 545 3177 sauciatis
566 3112 766 3191 eompreffisque
796 3108 915 3167 nervosis
935 3108 1057 3183 partibus
1080 3106 1145 3181 s'aepe
1169 3125 1216 3163 ca·-

198 3232 229 3269 ro
249 3202 442 3285 supercrescit,
471 3221 530 3276 quae
552 3196 751 3257 medicamentis
773 3192 870 3249 leniter
883 3245 884 3248 ,
899 3188 1076 3247 exedentibus
1097 3191 1125 3241 δι
1147 3188 1216 3242 adu-

198 3291 317 3348 rentibus
337 3286 397 3343 tolli
417 3282 525 3358 potest.
554 3275 805 3345 Commodissimum
826 3293 891 3331 vero
912 3270 951 3327 est
970 3310 980 3336 ,
1001 3265 1096 3325 forfice
1118 3284 1218 3322 earun-

197 3372 285 3429 culam
305 3367 451 3431 excidere,
480 3361 577 3417 vulnus
592 3361 753 3434 ampliare,
782 3360 809 3413 &
830 3354 863 3412 ste
884 3353 914 3409 id
943 3349 1215 3427 quodzcontrattum

197 3470 255 3509 erat
274 3490 284 3517 ,
304 3450 394 3509 laxare
415 3466 422 3505 ς
444 3443 527 3520 plagae
548 3459 612 3498 vero
633 3459 692 3495 eam
712 3440 880 3496 curationem
902 3433 1058 3498 adhibete,
1089 3449 1149 3507 quae
1169 3430 1218 3487 ln-

197 3536 237 3591 cis
257 3528 373 3588 nervosts
393 3526 489 3583 idonea
510 3523 570 3582 est,
599 3522 741 3597 Deligatur
762 3536 857 3575 manus
880 3511 993 3579 fascia,
1020 3531 1080 3587 quae
1109 3510 1218 3568 duode-

198 3615 296 3687 viginti
316 3610 403 3684 capita
423 3606 519 3665 habet.
1012 3644 1013 3647 ,

228 3730 289 3777 Vide
312 3735 589 3775 ctnuuour>1uut
613 3718 822 3777 deParonychia.
848 3720 1102 3764 annunciant·
1120 3714 1214 3767 opertu

199 3786 501 3844 nmuwmm,
651 3788 711 3821 ⁷-

395 3871 1011 4001 ERYSIPELAS:

646 4086 672 4145 ς,
697 4081 761 4143 156.

240 4166 299 4218 Nec
319 4159 468 4216 omittenda
486 4155 650 4227 eryfipelatis
671 4156 801 4210 curatio,
831 4152 879 4205 Est
900 4150 968 4205 illud
997 4148 1072 4224 quast
1094 4147 1219 4223 spurium

201 4238 421 4294 inflammationis
443 4235 580 4307 quoddam
601 4250 708 4306 genus,
730 4229 805 4304 quod
825 4230 856 4282 in
876 4245 937 4291 cute
959 4225 1104 4293 nascitur,
1125 4227 1222 4284 siliu-

202 4336 259 4373 mor
279 4335 326 4390 per
345 4316 414 4369 hanc
434 4314 517 4370 exire,
536 4309 629 4368 solitus
650 4313 680 4365 iu
711 4307 862 4366 minoribus
883 4306 978 4365 fistulis
999 4310 1164 4375 retinetur,
1193 4312 1221 4365 dc

201 4414 331 4452 tumorem
352 4413 412 4451 cum
433 4392 508 4450 sebre
529 4396 644 4449 excitat.

641 4479 667 4534 §·
699 4489 763 4540 157·

241 4559 321 4613 Notae
342 4554 506 4629 eryfipelatis
528 4550 610 4608 sunt:
638 4568 729 4606 tumor
750 4549 861 4625 aequalis
883 4590 891 4616 ,
922 4549 1053 4607 feresne
1074 4551 1223 4610 altitudine

202 4638 271 4694 latus
289 4677 299 4703 ,
319 4655 351 4691 ex
373 4636 435 4690 albo
455 4637 482 4688 δε
503 4631 589 4688 livido
610 4628 774 4705 splendens,
796 4628 1042 4698 subrubicundus,
1065 4651 1112 4689 auc
1133 4622 1227 4691 rubo-5

204 4737 232 4771 re
252 4722 278 4773 dc
300 4715 399 4789 pallore
421 4713 530 4770 mistus;
553 4712 721 4787 aliquando,
742 4710 760 4766 fi
782 4730 815 4767 eo
835 4730 951 4785 corpora
972 4729 1139 4781 tentantur,
1160 4735 1225 4792 quae

203 4797 267 4851 mali
288 4796 395 4850 habitus
416 4791 493 4860 sunt,
515 4812 547 4849 ex
568 4794 651 4871 rubro
672 4791 812 4869 subniger.
835 4792 992 4849 Membrum
1008 4834 1018 4860 ,
1037 4796 1115 4869 quod
1135 4795 1224 4872 erysi-

201 4875 273 4949 pelas
295 4875 417 4949 recepit,
444 4892 499 4929 non
520 4891 575 4929 tam
595 4874 695 4940 dolet,
715 4892 798 4950 quam
818 4876 933 4949 prurit.
960 4874 1077 4936 Accedit
1099 4876 1222 4936 febricu-

202 4958 247 5021 la,
268 4961 406 5030 quaecum
426 4950 466 5009 sat
488 4972 585 5029 magno
606 4954 718 5017 horrore
738 4955 861 5030 incipit,
887 4952 1034 5014 sudore&
1055 4959 1136 5015 urina
1157 5002 1166 5027 ,
1187 4980 1223 5017 ex

203 5056 263 5127 qua·
279 5036 360 5090 multa
382 5031 462 5092 crassa
484 5034 629 5102 desrdunt,
651 5033 761 5093 solvitur
782 5080 790 5092 .
811 5038 856 5092 Fit
876 5039 1008 5113 praecipue
1029 5039 1176 5116 erysipelas
1192 5044 1224 5098 in

203 5115 316 5209 pedibus
334 5120 363 5171 v&
383 5114 532 5183 cruribuS,
560 5117 706 5192 aliquando
726 5120 808 5175 etiam
829 5120 858 5174 in
879 5120 966 5195 capite
987 5162 996 5187 ,
1019 5122 1125 5180 cervice
1146 5166 1156 5191 ,
1179 5124 1225 5181 fa-

204 5216 270 5262 cie,
289 5196 447 5271 palpebris,
468 5194 579 5274 aliisque
600 5197 707 5256 sedibus
750 5203 818 5257 Non
840 5219 903 5257 raro
925 5198 1078 5278 supervenit
1098 5206 1222 5263 vulueri-

204 5277 255 5373 btps
276 5281 302 5332 ἃ
332 5276 490 5334 ulceribus.
521 5282 617 5337 Oritur
636 5283 717 5337 etiam
738 5302 771 5339 ex
791 5280 975 5357 perueniret,
1003 5285 1131 5345 fifebris
1148 5330 1158 5355 ,
1177 5287 1222 5345 vel

204 5358 273 5414 altus
288 5359 377 5414 morbi
392 5360 518 5426 materia,
540 5362 568 5417 in
588 5362 704 5439 aliquem
718 5364 807 5424 locunt
827 5368 979 5433 incumbit.
1000 5374 1095 5444 (46.)
1117 5372 1221 5429 Locum

205 5455 291 5529 mutat
309 5478 319 5505 ,
339 5444 366 5496 ἃ
387 5438 534 5498 sanescente
553 5463 586 5501 eo
616 5464 696 5523 quem
716 5450 791 5526 prius
811 5468 1017 5527 occupaverat,
1038 5451 1120 5512 inid
1145 5449 1220 5531 quod

205 5536 335 5597 integrum
357 5521 420 5593 est,
440 5521 554 5584 transit.
576 5530 664 5603 (73‚)
