4667 6609
605 2581 917 2635 atrnntznon,
989 2587 992 2597 ²
1219 2570 1272 2635 '4337

245 2680 323 2735 [mina
338 2696 351 2746 ,-
372 2697 430 2755 quae
452 2696 526 2755 parte
549 2679 706 2737 anteriori,
727 2690 786 2746 qnae
807 2672 910 2744 pupilla
930 2671 1042 2740 obversa
1063 2673 1128 2739 est,
1151 2666 1276 2726 foramen
1330 2719 1333 2725 ,

250 2761 379 2827 habent,
401 2762 500 2835 quibus
522 2758 605 2813 etiarn
626 2751 768 2815 efficitur,
789 2767 820 2805 ut
836 2754 935 2814 >oculus
956 2792 964 2816 ,
985 2752 1003 2805 fi
1024 2755 1107 2809 horno
1128 2772 1161 2810 to
1181 2751 1276 2808 videre

251 2846 344 2917 cupit,
367 2844 438 2895 recte
458 2843 582 2895 tentatur
604 2855 636 2886 a.
657 2834 877 2905 Nonnumquam
898 2833 971 2885 intus
993 2833 1020 2884 in
1041 2835 1121 2887 oculo
1142 2830 1274 2907 processus

169 2987 171 2989 ,
250 2924 377 2984 ciliareS,
399 2921 446 2992 qui
468 2939 501 2973 ex
522 2919 669 2989 ligamento
687 2912 775 2967 eiliari
797 2912 969 2982 eduruntur,
989 2916 1015 2966 nc
1031 2915 1080 2985 qui
1101 2913 1198 2968 lentem
1211 2933 1275 2969 curn

253 2999 300 3057 suo
322 3002 474 3055 velamento
498 2998 526 3052 in
548 2993 609 3051 sede
631 2991 679 3049 sua
700 2994 858 3063 continent,
880 3010 961 3067 atquc
982 2994 1087 3057 etiarn,
1105 2992 1124 3047 st
1145 3013 1194 3059 ea,
1215 3013 1276 3068 qua

248 3100 341 3139 coram
364 3076 442 3145 sunt,
465 3079 563 3133 intueri
583 3076 737 3141 volumus,
759 3074 835 3129 illam
857 3073 891 3139 ad
913 3092 1037 3130 corneam
1056 3073 1223 3139 adducunt,
1244 3093 1278 3129 ear

252 3163 343 3237 aliqua
361 3177 436 3234 parte
458 3157 569 3217 resoluti
586 3154 664 3223 sunt,
685 3160 711 3211 &
730 3157 758 3211 vi
780 3153 828 3211 sua
850 3155 989 3212 destituti.
1009 3157 1102 3221 Nam,
1124 3154 1244 3231 lequitur
1266 3195 1276 3220 ,

252 3261 334 3300 utet<
350 3242 436 3297 altera
457 3259 552 3316 parte,
572 3240 621 3295 ubi
642 3236 719 3294 fibra·
736 3239 847 3311 integra
864 3234 941 3299 sunt,
964 3237 1016 3292 illac
1037 3236 1233 3291 contrahantur
1250 3239 1277 3290 δι

251 3324 433 3389 adducantur,
453 3341 537 3398 atque
559 3339 588 3378 ut
609 3317 665 3395 ipsa
687 3319 741 3376 lens
758 3338 819 3375 cum
842 3315 891 3375 suo
911 3318 1064 3374 velatnento
1085 3317 1114 3370 in
1133 3336 1195 3373 eam
1215 3335 1279 3391 par-

250 3424 304 3462 tem
325 3421 446 3461 vertatur
470 3409 497 3460 ἃ
521 3404 697 3460 adducatur.
718 3404 785 3477 Qto
805 3420 896 3467 vero,
918 3399 1017 3454 srtalis
1039 3399 1123 3455 horno
1144 3419 1195 3463 ea,
1217 3416 1278 3472 quae

251 3504 342 3543 corant
364 3483 445 3552 sunt,
466 3485 558 3541 videre
580 3487 671 3559 eupit,
691 3482 794 3557 pupilla
814 3503 850 3539 ex
872 3478 985 3537 aduetso
1006 3481 1119 3555 oblique
1140 3480 1278 3536 collocatae

251 3569 330 3623 lentis
352 3566 400 3634 fit,
421 3563 662 3624 oculusmusculis
685 3563 742 3620 suisv
759 3564 882 3638 pauloin
902 3583 961 3619 eatn
972 3581 1074 3636 partem
1096 3578 1279 3636 contorquen-

251 3650 300 3705 das
322 3651 380 3705 est.
403 3652 463 3705 Hoc
483 3645 646 3704 etiamfieti
669 3643 735 3701 solet
749 3684 762 3712 -,
783 3643 801 3697 fi
823 3643 918 3699 oculus
939 3664 972 3698 ex
994 3644 1048 3698 alio
1067 3642 1168 3707 vitio,
1196 3634 1279 3696 ueluti

250 3749 354 3803 corneae
377 3730 559 3785 ulceribus&
581 3722 773 3791 cicatricib'uS,
795 3724 913 3799 caligat,
935 3743 1020 3799 qnare
1043 3723 1090 3777 ille
1112 3720 1241 3777 musculis
1252 3723 1281 3775 in

251 3831 312 3867 earn
333 3827 437 3888 partem
459 3811 600 3875 vertitur,
631 3825 778 3882 perquam
802 3807 898 3861 melius
926 3805 1010 3860 borno
1039 3823 1145 3859 cernere
1167 3802 1252 3877 potest
1274 3846 1281 3857 .

253 3893 325 3959 Vel,
347 3894 471 3967 domnis
494 3894 564 3947 acies
579 3907 670 3964 erepta
693 3890 720 3942 in
738 3885 870 3943 amaurosr
893 3884 962 3952 fuit,
985 3890 1008 3941 is
1030 3885 1104 3960 quati
1127 3885 1282 3960 negligitur,

251 3980 279 4030 ἃ
301 3993 354 4029 non
377 3991 524 4029 mouetur.
553 3972 607 4038 Si,
640 3970 668 4024 id
690 3970 763 4043 quod
785 3972 815 4022 in
836 3970 927 4042 pueris
949 3965 1104 4021 rbachitide
1126 3968 1203 4041 aegris
1226 3964 1282 4019 fre-

252 4074 337 4129 quens
360 4054 397 4109 est
419 4094 427 4119 ,
454 4052 624 4128 inaequaliter
645 4046 823 4105 intumescunt
844 4046 924 4114 offa,
954 4052 980 4102 dt
1002 4047 1134 4121 praecipue
1156 4044 1282 4120 sphenoi-

253 4137 355 4200 deum,
377 4155 422 4209 per
444 4138 520 4203 cnjus
544 4131 678 4188 foramina
700 4134 776 4187 nervi
797 4130 833 4185 ad
855 4130 948 4186 oculos
972 4127 1112 4191 feruntur,
1133 4129 1219 4202 prerni
1238 4122 1282 4181 so?-

253 4220 308 4273 lent
330 4218 424 4281 nervi,
446 4217 492 4291 qui
504 4214 539 4269 ad
561 4210 693 4269 musculos
711 4213 864 4286 pertinent,
887 4216 912 4265 ὃς
933 4207 1118 4264 resolvuntur.
1139 4212 1283 4278 Qtaener·

257 4317 353 4354 uorurn
376 4294 502 4352 resolutio
523 4314 557 4349 ex
579 4295 639 4349 aliis
661 4312 772 4366 quoqne
793 4292 878 4344 cautis
900 4290 958 4344 fieri
981 4290 1090 4361 potest.
1119 4290 1282 4363 Plerumque

256 4398 347 4435 tannen
368 4379 440 4434 oculi
461 4381 500 4431 ita
516 4375 745 4449 distorquentur,
767 4372 786 4425 st
807 4388 869 4426 orta
891 4389 906 4424 a
928 4369 1058 4435 vulnere,
1078 4369 1122 4422 uel
1143 4369 1253 4425 variolis
1275 4412 1284 4435 ,

255 4457 368 4536 aliisque
390 4457 590 4522 occafionibus,
612 4474 709 4529 magna
731 4451 949 4526 suppuratione,
971 4448 1083 4506 musculi
1104 4447 1155 4504 laesi
1176 4448 1237 4505 suut
1258 4454 1285 4506 δε

255 4542 404 4598 contradi.
427 4535 601 4614 Quibusdam
610 4538 665 4591 hoc
686 4536 782 4589 virium
800 4553 816 4587 a
833 4534 978 4602 nativitate
996 4534 1052 4596 est,
1074 4532 1175 4604 quibus
1185 4534 1212 4587 in
1221 4550 1286 4606 par·

256 4642 285 4680 tu
309 4624 343 4679 ab
362 4622 504 4679 obstetrice
525 4619 618 4674 oculus
643 4632 757 4671 venatus
783 4611 863 4668 fuit.
894 4612 966 4668 Aliis
988 4612 1068 4666 illud·
1082 4612 1286 4667 haereditarium

257 4705 310 4772 est,
332 4722 448 4779 quorum
463 4716 586 4776 patentes
607 4699 688 4752 etiam
707 4694 793 4750 oculis
815 4693 980 4769 obliquis&
1001 4692 1121 4747 distortis
1144 4691 1236 4748 fuere.
1256 4694 1286 4749 Si

256 4787 290 4842 ab
316 4787 358 4841 his
380 4782 463 4839 caulis
485 4782 541 4836 haee
563 4777 734 4834 imbecillitas
749 4792 750 4795 ’
763 4776 857 4831 retina
880 4774 958 4840 fuit,
989 4774 1061 4829 nulla
1082 4792 1134 4846 ope
1158 4774 1284 4843 adjuvari

256 4866 358 4943 potest.
380 4867 421 4920 Ea
440 4881 531 4919 tamen
555 4860 660 4917 foedior
676 4854 726 4913 effe
742 4854 809 4913 solet
828 4897 837 4923 ,
859 4857 906 4913 ubi
924 4853 1039 4912 fortuna
1056 4854 1175 4912 hominis
1197 4848 1284 4931 negli-

257 4950 347 5025 gentia
359 4965 471 5021 quoque
488 4941 590 4999 acceffrt
605 4945 637 4996 b.

287 5094 301 5120 a
318 5075 373 5122 Vid.
391 5084 533 5120 unnrtsetr
550 5074 575 5116 P.
585 5072 617 5115 11.
633 5084 654 5126 p.
666 5082 701 5124 13.

288 5138 301 5181 a
317 5136 372 5183 Vid.
389 5140 597 5180 nonrnnrrntn
612 5134 635 5173 in
649 5126 684 5172 the
698 5124 792 5170 Medica
806 5120 1124 5181 EffaysV0J.-111.obs.X11.
1146 5132 1168 5179 p,
1178 5128 1230 5169 160.
1269 5131 1272 5133 ·

281 5362 283 5364 ι
330 5358 332 5360 v
360 5275 529 5333 URINAE
558 5269 822 5330 REDDENDAE
853 5262 1185 5351 DIEFICULTAS.

709 5443 734 5499 ὃ.
760 5448 847 5501 1330·
1014 5472 1019 5475 v
1070 5464 1072 5467 ·

263 5542 264 5546 ¹
294 5519 395 5577 ‘Venio
416 5520 451 5576 ad
470 5537 531 5585 ea,
560 5536 620 5595 quae
640 5517 713 5572 circa
733 5514 816 5570 urinae
845 5514 990 5569 itinera&
1014 5506 1128 5567 veficam
1156 5509 1224 5565 oriri
1246 5504 1288 5563 so·

262 5603 335 5658 lent.
358 5602 451 5659 Urina-
471 5600 607 5657 interdum
628 5617 684 5655 non
700 5597 838 5661 redditur,
859 5598 936 5666 cujus
958 5594 998 5648 rei
1015 5587 1287 5667 plureseausaelunt.

262 5685 436 5763 Qandoque
463 5685 561 5760 vitium
576 5680 616 5740 est
632 5682 661 5739 in
678 5680 811 5746 renibus,
833 5678 876 5754 vel
898 5678 926 5733 in
938 5674 1100 5739 >ureteribus
1121 5714 1130 5740 ,
1149 5692 1196 5749 per
1217 5689 1288 5747 quos
