4667 6609
557 2534 594 2569 ,a
616 2534 646 2567 vu
682 2534 699 2569 t
725 2533 751 2568 'c
778 2537 803 2570 u
832 2540 873 2576 n,
972 2550 975 2555 t
1188 2541 1240 2597 453

212 2605 287 2660 lotus
308 2606 378 2663 inter
399 2605 552 2683 fragmenta
569 2649 579 2673 ,
600 2629 661 2684 quae
683 2612 753 2664 inter
774 2605 801 2671 se
823 2614 964 2676 dehiscunt
987 2662 995 2687 ,
1016 2642 1100 2683 cavus
1121 2626 1159 2684 est
1179 2669 1188 2696 ‚
1210 2628 1240 2683 id

210 2686 301 2760 quod,
321 2689 482 2754 littoralis,
505 2692 532 2743 δι
550 2691 649 2753 tactu,
671 2688 868 2764 cognoscitur.
890 2700 959 2771 Qto
980 2721 1044 2759 vero
1065 2710 1164 2779 patella
1185 2713 1239 2769 ite-

210 2785 277 2823 rum.
292 2769 319 2823 in
342 2766 430 2825 sedem
452 2766 528 2823 suam
556 2772 731 2841 reponatur,
761 2776 788 2827 &
810 2773 963 2852 fragmenta
983 2783 1052 2838 inter
1074 2785 1101 2842 se
1122 2794 1239 2867 jungam

207 2864 273 2914 tur,
294 2845 394 2905 neeesse
414 2848 469 2911 est,
492 2848 644 2905 membrum
666 2851 793 2911 collocari
816 2857 844 2913 in
865 2855 998 2928 scamno,
1020 2882 1128 2939 atque,
1148 2891 1238 2946 quan-

207 2944 264 2983 tum
286 2929 394 3000 potest,
415 2928 523 2990 extendi
543 2969 551 2995 ,
573 2929 692 3004 depresso
712 2936 796 2992 etiam
819 2939 933 2997 ministri
955 2946 1079 3002 manibus
1102 2948 1206 3012 femore
1228 2995 1238 3020 ,

207 3008 379 3083 adductoque
401 3009 436 3063 ab
458 3008 514 3064 alio
536 3011 658 3086 ministro
679 3034 773 3072 crure.
795 3020 942 3078 Hominem
963 3026 1054 3097 planta
1073 3031 1149 3103 pedis
1171 3054 1237 3092 con-

205 3108 247 3145 tra
263 3092 398 3165 ,parietem
419 3092 470 3145 niti
492 3108 624 3165 oportet.
647 3096 753 3153 Interea
774 3098 932 3179 Chirurgus
955 3104 1137 3183 fragmentum
1160 3112 1238 3191 snpe-

206 3173 263 3228 rius
286 3172 411 3227 manibus
432 3170 581 3249 digitisque
602 3175 698 3234 leniter
720 3180 845 3250 reducit,
866 3190 1036 3259 peruastatis
1056 3194 1140 3249 etiarn
1161 3198 1237 3263 illis,

206 3253 306 3329 quibus
328 3252 471 3321 adbaeret,
493 3253 649 3327 musculis,
672 3269 683 3332 ζ
707 3280 792 3333 1203.
812 3265 823 3334 )
845 3264 931 3324 donec
952 3270 1011 3327 hoc
1026 3290 1089 3329 cum
1110 3275 1240 3340 inferiori

203 3332 279 3409 possit
297 3336 448 3399 committi.
759 3386 775 3405 2

655 3433 681 3491 §-
708 3446 792 3498 1275·
1081 3496 1082 3499 ,

245 3502 284 3555 Ut
306 3520 370 3557 vero
391 3502 490 3576 patella
512 3502 545 3561 fic
566 3508 706 3565 recondita
727 3510 803 3584 potsrt
825 3514 898 3571 coire
917 3556 925 3581 ,
947 3537 963 3571 a
984 3520 1068 3575 variis
1090 3525 1167 3580 varia
1189 3545 1238 3582 err-

203 3582 323 3656 togitata
344 3580 405 3639 sunt
423 3606 465 3639 a.
488 3589 634 3661 Optimum
651 3592 715 3656 eil,
747 3590 873 3650 srsascia
896 3596 1068 3666 adhibetur,
1089 3607 1115 3658 ἃ
1137 3608 1238 3679 patella
1319 3658 1323 3661 a

204 3663 348 3719 uinciendo
369 3664 519 3739 glutinatur
537 3671 568 3723 b.

233 3768 247 3795 a
263 3761 439 3801 uuuuANNus
454 3755 554 3813 orbem,
573 3772 643 3815 quem
657 3773 686 3804 ex
702 3759 742 3810 filo
757 3762 869 3811 ferreo&
884 3765 1022 3814 linamentis
1038 3770 1123 3818 struxit
1139 3810 1146 3831 ,
1162 3777 1235 3823 adhi-

202 3810 252 3855 buit
269 3826 291 3855 ν.
307 3811 322 3855 l.
333 3829 352 3857 c.
372 3824 499 3859 Musffluo
516 3820 582 3871 Opere
601 3817 724 3874 chirurgica
740 3824 912 3879 Ragionrmanto
926 3829 951 3869 V.
967 3838 989 3883 p.
1002 3831 1052 3883 198.
1069 3830 1166 3880 ususest
1176 3823 1234 3883 dno-

200 3867 244 3914 bus
258 3870 324 3915 coriis
340 3871 518 3928 valentioribur,
536 3886 587 3930 quae¹
601 3876 732 3922 membrum
749 3878 815 3936 supra
830 3883 938 3940 infraque
945 3887 1165 3943 comprehendunt.
1183 3896 1235 3941 Ad-

200 3927 261 3973 didit
276 3927 395 3986 figuram,
418 3946 468 3987 quae
483 3932 542 3977 coria
557 3932 605 3990 post
621 3933 650 3978 ab
671 3934 724 3979 aliis
740 3950 835 3985 mutata
846 3941 942 3988 suerunt
959 3976 965 3985 .
991 3956 1175 3995 GARENGEOT
1191 3953 1234 3997 des

200 3984 334 4040 lustrarunt
350 3992 419 4032 Τ.Ἠ.
427 3999 448 4046 p.
462 4004 513 4047 300.
529 3991 664 4050 machinam
680 3995 792 4050 proposuit
808 3997 922 4045 ferream.
940 4002 984 4047 Sed
998 4002 1036 4049 his
1048 4006 1158 4055 omnibus
1173 4026 1235 4067 prae-

202 4043 296 4093 ferenda
313 4046 346 4091 etl
363 4045 402 4093 illa
418 4048 539 4094 vinciendi
555 4051 627 4096 ratio.
946 4064 949 4066 ’
1094 4066 1096 4069 ’
1230 4066 1234 4070 ’

211 4108 212 4114 ’
231 4104 244 4147 b
261 4104 342 4161 Popliti
358 4105 500 4152 submittitur
514 4108 615 4156 linteum
631 4133 649 4166 ,«
662 4112 722 4169 qnod
738 4115 856 4174 utrimque
871 4117 917 4165 duo
940 4118 1022 4167 bacilla
1038 4123 1106 4180 paulo
1128 4128 1233 4184 pleniora

200 4161 285 4219 habet,
301 4178 350 4220 qua
368 4164 476 4211 stramine
491 4165 611 4224 linteoque
626 4168 732 4218 obvoluta
749 4172 802 4217 sunt
821 4208 826 4217 .
851 4179 956 4233 (1236.)
974 4181 1055 4225 Fernla
1070 4182 1096 4227 dt
1113 4184 1232 4241 splenium

200 4220 325 4278 multiplex
341 4222 485 4280 densumque
501 4227 611 4279 proxime·
622 4228 702 4282 popliri
711 4229 872 4288 submittitur,
888 4235 996 4291 interque
1013 4238 1082 4282 illum
1097 4242 1235 4293 &linteum

201 4278 314 4337 ponitur,
324 4297 369 4338 quo
379 4284 470 4327 arteria>
489 4298 615 4341 teneque,
631 4300 682 4340 que
698 4300 738 4341 per
746 4289 860 4344 poplitem
875 4292 1038 4351 descendunt,
1055 4297 1231 4349 custodiantur.

200 4342 266 4385 luter
281 4340 412 4386 membrum
428 4341 452 4386 dt
470 4340 552 4387 bacilla
570 4357 624 4388 vero
644 4344 675 4389 ‘ad
692 4344 752 4391 latus
767 4348 820 4399 eius
843 4351 897 4405 poni
912 4350 998 4397 debent
1020 4355 1163 4413 multiplices
1179 4377 1237 4417 pan-

201 4398 243 4454 ni,
260 4398 313 4455 vel,
329 4400 389 4456 quod
406 4399 452 4446 fere
469 4399 555 4445 melius
570 4400 604 4447 est
614 4438 627 4458 ,5
639 4402 731 4459 platee,
748 4404 788 4451 sed
804 4408 905 4454 minores
920 4424 948 4455 ac
963 4424 1099 4473 tumentes,
1116 4418 1211 4472 pulvilli
1227 4454 1234 4464 .

201 4461 272 4513 Super
288 4457 397 4514 patellam
412 4459 537 4512 coniicitur
551 4459 691 4515 linteolum,
708 4464 784 4519 quod,
795 4466 943 4522 vquadratum
959 4504 966 4523 ,
982 4468 1021 4515 sed
1036 4486 1094 4530 tero
1108 4475 1133 4521 ἃ
1149 4480 1234 4524 utrim-

200 4512 246 4571 que
261 4550 268 4572 ,
284 4517 308 4562 dt
325 4518 351 4562 in
367 4519 444 4563 medio
459 4553 466 4573 ,
483 4519 509 4562 in
524 4518 619 4575 longum
636 4555 643 4573 ,
660 4519 739 4564 funde
754 4521 780 4565 iu
796 4524 893 4569 modum
910 4560 917 4580 ‚
934 4526 1035 4572 incisum
1050 4531 1085 4576 est
1102 4566 1108 4575 .
1126 4538 1192 4581 Nam
1205 4540 1233 4585 iu

200 4575 277 4621 medio
293 4575 503 4621 etiam'linteolum
518 4576 621 4621 incisum
637 4577 682 4620 esse
698 4591 800 4634 oportet,
819 4592 860 4637 ut,
875 4584 985 4638 quamuis
1000 4586 1103 4644 deligato
1117 4595 1234 4653 membro,

200 4633 283 4689 patella
297 4634 370 4680 oculis
386 4645 471 4689 pateat.
490 4638 561 4689 Super
576 4633 706 4690 supremam
721 4636 812 4691 patelle
824 4654 886 4687 oram
900 4641 1025 4690 transitorie
1044 4646 1233 4709 collocatutpan-

128 4712 130 4716 ⁴
200 4707 245 4737 nus
260 4693 328 4737 ualde
342 4692 428 4737 densus
443 4692 467 4737 &
484 4691 632 4748 multiplex,
653 4695 763 4749 augurius
778 4700 872 4744 vero&
892 4699 960 4756 paulo
973 4702 1105 4752 adurimus
1120 4713 1232 4757 convolu-

188 4763 251 4795 «tus.
269 4757 339 4808 Super
354 4749 418 4797 hunc
434 4750 541 4803 injicitur
555 4750 641 4806 fal'cia,
658 4753 767 4809 pollicem
783 4755 846 4812 lata,
863 4759 976 4805 valentior
991 4798 998 4818 ,
1014 4764 1094 4809 medio
1107 4769 1169 4825 orsa,
1184 4786 1231 4827 qua

200 4809 225 4853 dt
242 4809 282 4855 ille
298 4808 387 4856 densior
402 4824 491 4867 pannus
507 4809 532 4854 δε
549 4810 588 4855 illa
603 4811 650 4856 duo
665 4810 747 4858 bacilla
762 4829 819 4859 cum
835 4816 909 4863 linteo
923 4819 1099 4867 circumdantur
1116 4859 1121 4868 .
1144 4828 1230 4883 Falciae

201 4868 275 4924 capita
291 4905 298 4925 ,
322 4866 362 4920 ubi
378 4884 408 4914 ex
422 4869 508 4927 poplite
525 4868 589 4926 supra
605 4870 673 4915 ilium
696 4872 826 4919 densiorem
842 4891 946 4934 pannum
961 4894 1129 4940 reuerterunt,
1150 4882 1230 4939 deute:

201 4926 249 4972 ritis
265 4925 354 4972 tin'istra
371 4963 377 4983 ‚
395 4927 522 4973 finistenus
537 4928 617 4974 dextra
634 4965 641 4984 ,
663 4931 814 4991 procedunt,
839 4936 957 4993 utrimque
971 4944 1050 4999 autem
1065 4940 1107 4986 sub
1121 4946 1231 5001 poplitem

203 4987 320 5042 tendunt,
336 4986 385 5042 ita,
401 4998 427 5031 ut
443 4986 484 5032 ille
498 4988 589 5033 densior
604 5001 710 5046 pannus,
726 4990 751 5035 ἃ
764 5006 825 5037 eum
839 4994 882 5040 hoc
898 4995 987 5052 patellae
1003 4997 1175 5061 fragmentum,
1188 5006 1232 5052 de-.

203 5040 278 5091 desum
294 5044 437 5092 inclinentur
452 5046 477 5092 ὅ(
492 5046 593 5093 alterum
607 5047 764 5106 fragmentum
783 5052 878 5098 uersum
892 5054 1037 5102 adducantur
1053 5090 1059 5101 .
1085 5060 1130 5106 Sub
1145 5064 1231 5120 poplite

202 5102 287 5150 iterum
303 5104 402 5151 alterum
417 5104 493 5150 fasciae
508 5119 577 5165 caput
592 5106 658 5165 super
673 5107 771 5154 alterum
787 5109 860 5157 fertur
878 5149 886 5168 ,
902 5113 927 5158 ὅ(
944 5114 1031 5161 interea
1047 5118 1108 5164 infra
1124 5122 1232 5178 patellam

199 5170 269 5220 super
283 5164 344 5209 tibiae
360 5177 428 5222 caput
446 5164 570 5213 collocatur
582 5165 641 5213 alius
656 5182 746 5229 pannus
763 5205 771 5225 ,
787 5185 853 5226 aeque
869 5172 954 5218 densus
971 5210 978 5229 ,
994 5182 1065 5231 quam
1080 5177 1164 5237 fascia,
1180 5184 1231 5238 quae

199 5221 213 5269 a
230 5220 314 5278 poplite
330 5223 413 5281 venit,
431 5222 500 5268 finili
518 5226 604 5272 ratione
619 5224 782 5283 amplestitur.
800 5229 879 5276 Fascia
895 5243 931 5277 ter
945 5233 976 5278 ad
991 5234 1051 5291 hauc
1068 5237 1182 5285 rationem
1190 5256 1232 5298 per

199 5273 311 5338 poplitem
326 5280 421 5340 illosque
436 5282 493 5328 duos
511 5299 598 5340 pannos
613 5286 776 5343 circumagitur
791 5286 817 5332 ὃ(
839 5289 992 5348 adstringitur
1008 5326 1014 5337 .
1039 5297 1149 5347 Tandem
1165 5299 1232 5356 super

201 5337 261 5385 illud
277 5339 303 5383 in
318 5341 396 5386 medio
411 5340 511 5387 incisum
526 5342 666 5401 linteolum,
683 5345 800 5401 ipsamque
817 5347 946 5406 patellam3
962 5351 1092 5408 imponitur
1105 5355 1232 5404 altitudo,

202 5396 273 5455 plex,
289 5412 334 5454 quo
349 5413 373 5444 os
389 5400 479 5447 nudum
494 5404 624 5460 contegitur
640 5404 731 5449 {lllius
747 5418 802 5449 uero
817 5408 897 5462 prioris
912 5407 1004 5455 linteoli
1019 5426 1116 5466 quatuor
1130 5416 1206 5474 capita
1222 5453 1230 5474 ‚

204 5455 227 5500 δε
244 5471 284 5514 per
298 5455 352 5515 hec¹
365 5459 436 5517 etiam
450 5459 491 5505 ille
509 5460 608 5518 superior
623 5462 757 5521 densrorque
774 5478 865 5519 pannus
880 5465 973 5524 ipsaque
988 5469 1076 5526 patella
1090 5473 1229 5532 trabuntur,

203 5528 253 5571 qum
268 5514 358 5561 linteoli
373 5520 446 5576 capita
463 5517 572 5566 sistuntur
586 5536 630 5578 eo,
644 5523 705 5580 quod
720 5522 797 5569 saseiae
814 5525 931 5583 reliquum
947 5526 996 5585 est,
1013 5529 1071 5575 dum
1086 5530 1157 5585 huius
1172 5534 1230 5579 alte-

203 5584 254 5618 turn
269 5587 336 5633 ceput
351 5591 364 5621 a
380 5578 456 5623 media
471 5578 555 5635 patella
576 5579 666 5627 sursum
682 5582 796 5639 verium,
820 5583 919 5632 alterum
934 5585 1062 5647 deorsum,
1088 5591 1185 5639 cochleae
1201 5591 1228 5636 in

202 5632 313 5694 modun,
328 5634 412 5696 serpit,
427 5638 568 5698 tandemque
584 5638 690 5695 finitur,
885 5698 889 5703 ,
916 5670 919 5673 ‘
967 5672 993 5705 ῑῑ,
1018 5673 1022 5675 ’
1165 5658 1168 5660 ’
