4667 6609
453 2598 501 2657 336
837 2575 1066 2622 FISTHLA.

449 2689 535 2741 flexus
555 2677 740 2752 reperiuntur,
761 2662 996 2743 quoschirurgus
1017 2673 1073 2712 non
1092 2666 1187 2710 omnes,
1208 2646 1333 2722 protinus
1353 2647 1461 2722 specillo

448 2759 572 2841 persequi
592 2773 673 2833 atque
693 2752 813 2809 invenire
833 2744 935 2823 potest,
956 2733 1053 2797 necesse
1071 2735 1126 2800 est,
1147 2735 1195 2796 ut,
1215 2727 1281 2784 dum
1302 2724 1462 2783 hocdemit-

450 2840 534 2909 titur,
554 2859 622 2917 aeger
643 2836 721 2893 aliter
741 2848 824 2911 atque
845 2830 922 2884 ariter
943 2822 1103 2879 collocetur.
1126 2814 1201 2869 Scire
1222 2810 1305 2865 etiam
1325 2802 1470 2881 possumus>

450 2947 485 2983 ex
506 2923 587 2981 modo
608 2920 701 2995 punt,
721 2930 844 2989 quaenam
864 2908 913 2965 snt
932 2904 1024 2962 fistulae
1045 2896 1148 2974 spatia,
1168 2895 1267 2961 cujus,
1287 2886 1307 2943 fi
1327 2886 1387 2962 plus
1407 2883 1463 2940 fer·

451 3000 511 3072 tur,
531 3019 629 3080 quam,
650 3015 680 3060 ut
701 2997 802 3052 minori
822 2997 850 3065 δι
871 2988 981 3065 simplici
991 2982 1075 3060 spatio
1095 2974 1257 3038 conveniat,
1277 2971 1392 3039 majores
1401 2965 1463 3039 plu·

450 3078 545 3162 resque
566 3082 636 3140 smus
656 3073 725 3145 esse,
745 3071 893 3153 fignificat.
915 3070 1006 3125 Etiam
1027 3068 1056 3120 in
1076 3059 1210 3122 fistulam,
1231 3052 1365 3111 mediante
1375 3045 1465 3122 fipho-

451 3189 486 3226 ne
501 3208 510 3236 ,
531 3185 630 3243 aqua,
648 3159 815 3236 vesquaevis
837 3155 930 3217 some,
951 3146 1133 3208 immittitur,
1153 3142 1180 3195 &
1201 3156 1233 3192 ex
1255 3132 1337 3189 modo
1359 3146 1464 3206 aqua,

454 3268 536 3327 quem
557 3247 605 3303 illa
626 3243 749 3318 recipit,
769 3235 835 3300 illud
857 3230 995 3288 discitur.
1018 3228 1046 3282 Si
1067 3226 1138 3281 sinus
1159 3216 1207 3276 sub
1227 3233 1289 3275 cute
1311 3212 1465 3273 seruntur,

455 3334 494 3397 ir,
515 3328 533 3385 sr
554 3327 652 3385 callum
673 3322 773 3379 babent
791 3358 800 3384 ,
821 3316 920 3378 tastu,
942 3310 1052 3365 admoto
1072 3305 1128 3366 cuti
1149 3301 1266 3377 digito,
1288 3292 1466 3352 sentiuntur.

454 3413 529 3483 Saepe
549 3426 603 3463 non
624 3402 671 3459 nist
691 3402 772 3473 longa
792 3412 873 3469 atque
895 3392 1006 3466 repetita
1028 3378 1199 3464 inquisrtione
1220 3378 1307 3435 fistula
1329 3378 1399 3432 redte
1420 3391 1468 3428 ex-

453 3491 554 3566 plorari
576 3484 674 3562 potest.
696 3478 754 3538 Ubi
774 3481 828 3549 jam
850 3473 935 3531 fistula
956 3466 1075 3527 incisa&
1095 3468 1166 3523 finus
1188 3478 1295 3537 apertus
1316 3459 1370 3524 est,
1391 3471 1468 3512 exeo

454 3590 521 3630 vero
542 3569 590 3626 alii
611 3565 700 3630 srnuS‚
720 3564 748 3619 dc
768 3557 842 3636 quast
863 3554 963 3621 rivuli,
984 3550 1151 3627 procedunt,
1172 3544 1201 3600 id
1210 3540 1327 3600 ostendit
1348 3539 1467 3595 minutus

457 3651 605 3718 admodum
625 3652 652 3705 δι
673 3641 805 3701 candidus
815 3639 948 3714 pauloque
968 3634 1064 3690 elatior
1085 3629 1242 3691 orbiculus,
1264 3628 1358 3697 inquo
1379 3622 1469 3677 exitus

458 3734 523 3790 novi
544 3732 614 3787 sinus
636 3728 673 3785 est
693 3769 699 3781 .
722 3725 749 3779 Is
771 3739 836 3778 vero
857 3733 1058 3790 nonnumquam
1079 3730 1135 3767 tam
1157 3708 1280 3784 angustus
1302 3700 1352 3762 esse
1373 3699 1440 3759 sosct
1461 3738 1470 3766 ‚

458 3832 488 3871 ut
509 3832 557 3869 nec
578 3804 754 3868 tenuissimum
775 3800 912 3878 specillum
935 3799 1081 3854 admittat.

902 3929 927 3986 §·
956 3936 1022 3989 947·

499 4056 613 4119 Etiam,
635 4049 653 4108 sr
674 4046 809 4125 specillum
832 4046 861 4100 in
882 4040 997 4098 fistulam
1018 4035 1197 4098 demittitur,
1218 4027 1284 4088 scire
1305 4021 1441 4104 possumus
1463 4062 1472 4090 ,

460 4134 516 4214 quo
536 4133 619 4210 usque
639 4152 671 4189 ea
691 4127 886 4205 penetraverit,
906 4129 932 4178 δι
950 4136 1081 4197 quatenus
1099 4117 1238 4172 nocuerit.
1258 4113 1353 4177 Nam,
1367 4109 1391 4165 st
1404 4105 1475 4163 mol*

459 4219 486 4275 le
505 4218 560 4283 est>
580 4214 655 4290 quod
676 4212 774 4269 ustimo
795 4203 1113 4281 specillo>contingitur²
1134 4201 1160 4252 δι
1182 4215 1249 4271 aeger
1270 4192 1392 4248 dolorem
1413 4185 1473 4244 sen-

461 4302 520 4365 tit,
540 4298 640 4354 vitium
661 4296 732 4347 intra
753 4307 846 4345 carnes
867 4286 904 4340 est
921 4324 931 4348 ‚
958 4287 985 4338 &
1006 4281 1089 4336 callus
1111 4277 1232 4333 nondum
1254 4273 1404 4337 induruit,
1425 4270 1474 4344 qui

465 4381 551 4454 magis
573 4374 698 4430 renititur
719 4375 746 4425 &
767 4367 818 4422 srne
839 4361 916 4421 sensu
937 4363 1000 4417 est.
1029 4361 1119 4425 Major
1141 4354 1241 4411 renisus
1262 4355 1299 4410 est
1317 4394 1326 4419 ,
1347 4354 1365 4408 sr
1387 4349 1474 4407 fistula

464 4460 500 4515 ad
521 4478 552 4515 os
571 4453 745 4529 penetravit.
768 4447 831 4512 Ibi,
852 4444 870 4499 fi
891 4442 1028 4518 specillum
1049 4437 1204 4501 dilabitur,
1225 4454 1256 4490 os
1279 4434 1366 4489 adhuc
1387 4435 1483 4507 perid.
1510 4496 1512 4498 V

463 4540 513 4595 stio
533 4535 701 4608 contegitur,
722 4525 889 4584 &nondum
910 4523 982 4577 carie
993 4520 1117 4575 vitiatum
1138 4518 1193 4573 est:
1216 4514 1234 4572 st
1255 4533 1320 4570 vero
1341 4510 1476 4587 specillum

463 4618 518 4677 non
537 4616 668 4673 dilabitur
689 4608 751 4667 sede
768 4649 778 4674 ‚
798 4626 853 4681 qua
874 4604 1026 4665 innititur,
1048 4602 1074 4654 &
1095 4597 1113 4652 sr
1140 4596 1272 4669 inaequase
1295 4613 1375 4669 atque
1395 4591 1478 4667 aspe-

464 4719 524 4758 rum
546 4695 652 4761 subest,
671 4712 703 4751 os
724 4694 778 4762 jam
799 4689 898 4745 vitium
919 4681 1071 4746 contraxit,
1092 4678 1174 4753 idque
1195 4676 1266 4732 carie
1287 4674 1394 4731 exesum
1416 4674 1476 4730 est.

465 4784 557 4838 Etiam
578 4776 685 4848 sanies,
704 4790 806 4848 quater<
827 4767 913 4824 fistula
932 4764 1036 4829 fertur,
1056 4761 1154 4826 docet,
1175 4775 1297 4835 quanam
1320 4772 1407 4831 partes
1418 4774 1479 4831 per-

466 4861 531 4921 rosae
552 4861 618 4917 fine.
641 4863 653 4931 ζ
665 4855 750 4925 897.)
869 4894 870 4897 ,
1391 4884 1393 4887 ,

473 4990 475 4993 ψ
914 4937 939 4994 §-
961 4927 1029 4998 948·
1334 4966 1336 4968 ψ

509 5018 747 5095 Qremadmodum
768 5036 801 5073 ex
822 5010 980 5069 abscessibus
1001 5009 1087 5065 variis
1109 5019 1190 5079 atque
1212 5002 1353 5060 vulnerum
1374 5003 1481 5079 generi-

471 5104 631 5161 bus'ulcera
651 5103 775 5158 oriuntur
793 5138 802 5164 ,
823 5098 912 5169 (894.
931 5092 1019 5161 895,)
1041 5088 1073 5145 stc
1094 5086 1285 5162 profundiores
1307 5083 1378 5141 smus
1400 5101 1480 5158 atque

469 5187 578 5250 ulcera,
598 5184 726 5257 praecipue
746 5184 774 5236 in
794 5178 874 5252 adipe
894 5173 974 5241 sunt,
996 5174 1024 5227 in
1046 5169 1144 5227 fistulas
1165 5169 1343 5244 degenerant,
1365 5166 1394 5222 id
1404 5164 1480 5240 quod

471 5287 505 5322 ex
525 5263 651 5321 fimisibus
673 5262 729 5319 fere
750 5259 835 5317 causis
856 5257 972 5314 accidire
994 5254 1023 5309 Si
1045 5254 1132 5308 ulcera
1154 5270 1210 5307 non
1231 5252 1302 5307 rede
1323 5264 1481 5324 purgantur,

471 5352 499 5405 ὃ(
512 5348 547 5401 ,in
567 5366 614 5412 ea,
637 5344 679 5405 vel
700 5342 791 5408 nulla,
812 5340 855 5397 vel
875 5339 1010 5400 leniora,
1032 5336 1072 5391 ves
1092 5334 1174 5392 nimis
1194 5332 1264 5388 actia
1287 5331 1481 5386 medicamenta

466 5428 664 5493 demittuntur,
685 5426 704 5482 st
727 5425 815 5481 ulceri
830 5423 936 5497 impuro
958 5418 1136 5476 admoventur
1157 5414 1211 5471 asia
1231 5413 1381 5470 exascobos
1403 5427 1482 5483 para-

471 5527 517 5574 ta,
539 5506 557 5563 fi
578 5526 630 5563 orae
650 5507 745 5563 ulceris
767 5503 939 5572 humentis,
959 5500 1102 5566 tutandis,
1123 5499 1219 5572 pannis
1242 5513 1323 5570 atque
1343 5489 1427 5549 fascia
1440 5493 1483 5544 ni-

471 5593 557 5646 mium
570 5588 806 5661 comprimuntur,
828 5584 919 5645 fistula
939 5579 1085 5640 nascuntur
1104 5624 1109 5637 .
1131 5579 1316 5653 Corruptiora
1337 5576 1417 5631 etiam
1440 5573 1484 5628 ui-

470 5690 531 5743 cera
551 5668 612 5727 fieri
633 5673 659 5727 dt
680 5666 814 5747 difficilius
830 5668 961 5749 purgari,
981 5664 1001 5724 st
1023 5664 1182 5741 inuorpore
1204 5661 1269 5737 masi
1291 5650 1489 5725 haustussunn
