4667 6609
466 2450 510 2502 562
731 2433 769 2475 un
792 2428 883 2475 tantu
906 2429 1049 2474 sncuunma
1064 2428 1206 2468 innuuntur

463 2531 518 2594 sto,
538 2532 616 2602 quae',
634 2534 789 2595 antequam
801 2509 1037 2593 partustenciusus
1058 2511 1120 2577 est,
1141 2505 1279 2571 interdum
1299 2505 1417 2564 incidere
1438 2508 1487 2568 soz

463 2613 524 2667 let.
549 2609 623 2663 Nam
643 2604 677 2661 de
699 2620 755 2668 ta,
775 2618 836 2676 quae
858 2599 967 2656 abortus
988 2593 1139 2671 periculum
1159 2588 1326 2657 facit,heit
1347 2588 1481 2664 agendum

463 2710 518 2750 non
537 2689 597 2745 est.
618 2686 646 2743 Si
661 2701 761 2760 parum
781 2682 850 2739 fluit,
865 2678 972 2756 sanguis
991 2716 1001 2745 ,
1021 2673 1177 2752 imperanda
1196 2672 1235 2729 est
1248 2674 1353 2747 quies,
1374 2670 1486 2746 aliaque·

464 2770 619 2829 adhihenda
640 2765 741 2824 auxilia
762 2760 839 2831 sunt,
860 2782 917 2841 quae
937 2758 1113 2831 alibi'(418.
1134 2757 1222 2827 419..)
1240 2750 1384 2810 exsecutus
1406 2750 1492 2810 sum.

465 2855 495 2913 Si
517 2871 583 2909 vero
603 2867 664 2907 cunt
683 2849 786 2922 impetu
806 2846 863 2903 ruit
883 2842 990 2918 sanguis
1008 2880 1017 2907 ,
1032 2839 1215 2916 intelligitur,
1233 2832 1412 2893 secundarum
1431 2835 1490 2897 alis

466 2952 550 3011 quam
569 2948 673 3007 partem
694 2929 729 2985 ab
749 2946 828 2986 utero
847 2923 967 2983 avulsam
987 2918 1056 2988 effe,
1076 2926 1104 2979 dc
1119 2941 1154 2978 err
1166 2922 1249 2993 ‘hujus
1264 2916 1390 2976 uasorum
1404 2917 1485 2973 hian-

466 3016 539 3072 tibus
554 3011 651 3071 osculis
667 3008 821 3087 sanguinem
833 3006 921 3065 ferri.
939 3008 1000 3063 Hoc
1008 3001 1095 3080 ipsum
1111 3002 1318 3081 comprobatur,
1336 2999 1358 3055 st
1372 2998 1486 3055 evidens

469 3093 548 3154 causa
565 3095 679 3162 fuit,..&
692 3108 783 3149 uterus
798 3092 874 3156 iciu,
890 3084 1055 3146 extrinsecus
1073 3084 1170 3153 illato,
1190 3081 1271 3151 casu,
1289 3080 1409 3148 saituve,
1420 3080 1486 3137 alia-

468 3197 522 3253 que
543 3177 662 3252 corporis
675 3174 884 3237 exercitatione,
906 3171 946 3228 vel
967 3169 1051 3225 animi
1071 3167 1294 3243 perturbatione,
1311 3176 1489 3221 commotum*

468 3258 608 3315 Interdum
621 3257 705 3313 etiam
719 3271 831 3331 partus,
853 3252 982 3309 umbilico
997 3247 1046 3307 suo
1062 3252 1205 3315 irretitus,
1222 3244 1338 3323 &quast
1353 3245 1490 3320 illaquea-

469 3356 532 3405 tus,
547 3340 585 3395 est
603 3379 612 3405 ,
632 3356 714 3413 quem
731 3374 741 3402 ,
761 3336 826 3391 dum
844 3335 945 3391 exitu-m
965 3332 1102 3401 molitur,
1124 3332 1233 3396 trahit,
1256 3332 1283 3385 δι
1304 3324 1432 3383 secundas
1454 3325 1489 3382 ab

472 3438 550 3477 utero
576 3419 698 3476 diducit.
722 3418 904 3495 Reperiuntur
924 3416 1008 3472 etiam
1030 3413 1136 3470 feminae
1153 3454 1161 3480 ,
1180 3410 1288 3488 quibus
1304 3406 1451 3481 secundat,
1464 3411 1491 3463 &

472 3502 521 3568 id,
533 3500 610 3577 quod
627 3501 774 3575 placentam
795 3516 949 3565 vocamus,
970 3497 1018 3572 ipsi
1035 3498 1079 3553 ori
1096 3497 1168 3552 uteri
1188 3487 1381 3558 inhaerescunt,
1402 3508 1462 3567 quac
1481 3528 1492 3555 ,

473 3581 618 3639 dumihud
633 3600 665 3638 os
682 3580 823 3637 doionibus
845 3580 1008 3653 ampliatur,
1029 3577 1211 3639 diducuntur,
1232 3591 1317 3628 utxex
1332 3571 1495 3646 patentiori-

473 3664 527 3719 bus
550 3663 710 3719 arteriarum
726 3655 840 3724 oscuiiS,
861 3661 903 3715 uei
924 3660 957 3713 iis
967 3656 1049 3712 etiarn
1069 3652 1216 3728 disruptis,
1236 3650 1346 3727 sanguis
1366 3671 1428 3709 cunt
1447 3671 1495 3726 pe-

473 3744 561 3799 riculo
580 3740 762 3812 profundatur
784 3764 793 3789 .·
819 3739 941 3789 Unicum
958 3734 1110 3804 praefidium
1132 3728 1260 3787 aduersus
1282 3734 1334 3786 hoc
1355 3730 1496 3806 {anguinis

471 3823 637 3896 profluvium
652 3816 708 3881 est,
729 3813 860 3871 infantem
881 3812 1004 3888 protinus
1026 3853 1035 3879 ,
1056 3815 1083 3868 de
1104 3809 1276 3877 festinanter,
1296 3812 1379 3867 etiam
1401 3812 1495 3888 aliqua

472 3904 502 3958 vi
512 3899 653 3963 adhibita,
672 3896 845 3972 protrahere.
868 3895 997 3971 Digitus,
1018 3893 1202 3960 oieoundius‘,
1223 3890 1305 3949 inseri
1325 3892 1405 3949 debet
1424 3895 1495 3951 inos

471 3983 564 4049 uteri,
582 3980 711 4056 ‘quamvis
731 3977 783 4034 hoc
802 3977 1001 4050 etiam'patum
1017 3972 1156 4047 dehiscat,
1177 3976 1242 4052 qui,
1263 3974 1283 4030 fi
1304 3975 1331 4030 in
1349 3994 1385 4032 eo
1406 3978 1497 4033 conti-

433 4100 434 4103 =
474 4082 571 4128 netur,
593 4061 663 4117 alius
673 4060 775 4134 digitus
796 4059 877 4115 dehet
897 4057 1023 4123 demitti,
1044 4060 1070 4112 ἃ
1091 4075 1140 4131 pet
1157 4057 1206 4113 has
1227 4054 1374 4114 occafiones
1396 4057 1466 4114 alius
1489 4101 1496 4113 .

474 4148 549 4201 Dum
556 4154 624 4200 vero
640 4140 674 4197 stc
689 4142 783 4214 digitis
792 4139 946 4213 adaperitur
959 4157 991 4193 os
1002 4140 1090 4205 uteri,
1111 4138 1219 4195 dolores
1229 4140 1419 4205 concitantur,
1434 4142 1498 4214 qui-

475 4227 528 4281 bus
544 4221 635 4279 infans
655 4221 830 4295 propellitur.
854 4220 925 4275 Dat-a
939 4219 1016 4274 intus
1037 4222 1137 4285 manu,
1158 4218 1237 4293 ipsae,
1258 4221 1277 4275 st
1297 4240 1343 4277 eas
1366 4220 1497 4297 appositas

478 4304 577 4369 sentit,
598 4300 718 4358 secundae
731 4301 826 4373 digitis
847 4297 1053 4364 foraudaesunt,
1074 4300 1258 4375 &rumpenda
1267 4302 1436 4369 velamenta,
1457 4319 1498 4359 at-

477 4406 529 4461 qne
540 4382 649 4446 infans,
669 4378 967 4453 conquifitispedihus,
988 4377 1041 4435 fine
1062 4397 1138 4435 mora
1158 4381 1356 4454 protrahendus
1376 4385 1430 4439 est.
1453 4386 1498 4441 In-

476 4466 558 4525 venio
573 4480 664 4519 tamen
683 4461 859 4518 recentiorem
867 4457 1043 4535 scriptorem,
1064 4460 1133 4535 qui,
1150 4460 1231 4517 aliam
1252 4463 1364 4519 curandi
1375 4466 1498 4522 viam-in-

478 4542 596 4623 gteffuS,
617 4544 709 4615 jubet,
729 4544 853 4599 excitatis
868 4542 1027 4609 doloribus,
1049 4541 1198 4599 naturalem
1219 4560 1326 4619 partum
1344 4544 1498 4604 celeriorem

479 4628 586 4686 facere.
609 4625 724 4681 Dolores
744 4640 857 4691 movet,
877 4623 942 4680 dum
960 4665 970 4690 ,
991 4620 1090 4680 inserto
1112 4624 1139 4680 in
1159 4644 1191 4682 os
1212 4627 1283 4682 uteri
1304 4625 1411 4702 digito,
1433 4628 1498 4686 illud

478 4710 612 4787 paulatim
625 4705 737 4762 dilatat.
760 4704 981 4772 Ostenditenim,
1002 4706 1109 4763 irritato
1130 4704 1165 4763 fic
1175 4707 1209 4763 ad
1231 4704 1272 4763 sui
1289 4710 1498 4767 contradionem

480 4810 579 4856 uteru,
599 4806 645 4845 ota
655 4785 781 4845 vasorum
803 4784 960 4863 sauguinem
983 4786 1157 4845 fundentium
1177 4789 1325 4865 adstringi,
1344 4794 1373 4847 dt
1394 4788 1498 4868 sangui·

479 4892 544 4930 nem
566 4868 710 4944 supprimi,
731 4865 872 4945 ipsumque
893 4870 1122 4944 partumexpessi.
1145 4870 1190 4926 Ob
1200 4870 1247 4937 id,
1270 4888 1300 4927 ut
1310 4870 1498 4929 uterusfieme-

479 4956 533 5012 iius
554 4947 628 5028 poiiit
648 4953 676 5008 in
696 4951 835 5027 angustum
856 4952 1006 5020 adducere,
1021 4952 1157 5028 „ampliato
1178 4953 1248 5014 uteri
1267 4970 1331 5021 ore,
1352 4956 1498 5030 rumpenda

481 5032 533 5092 effe
541 5034 707 5102 velamenta,
729 5051 758 5091 ut
774 5034 874 5091 humor
896 5031 1066 5092 affundatur.
1089 5034 1133 5090 Sic
1148 5037 1237 5101 enim,
1259 5035 1288 5091 id
1299 5038 1375 5112 quod
1396 5039 1498 5113 experi-

481 5117 582 5175 mentis
603 5116 698 5190 probat
717 5158 727 5184 ,
748 5118 848 5172 minori
870 5118 989 5192 periculo
1011 5116 1165 5184 mulieres,
1196 5120 1279 5174 etiam
1300 5120 1353 5189 jam
1376 5114 1498 5196 sanguine

483 5198 540 5255 fere
561 5197 700 5255 exhaustas
721 5238 731 5265 ,
751 5216 859 5274 parturn
879 5199 958 5256 edere
978 5196 1090 5276 potuisse
1111 5239 1121 5267 ,
1147 5204 1174 5256 δε
1195 5218 1301 5255 omnem
1323 5200 1498 5276 profufione-n.

483 5276 709 5357 conquievidea.
731 5281 931 5356 Experiendum
953 5284 1023 5349 erit,
1044 5301 1103 5360 qua
1118 5281 1243 5339 medendi
1252 5284 1325 5341 ratio
1347 5281 1451 5340 miseris
1463 5280 1498 5338 fe-

484 5364 566 5419 minis
588 5364 714 5433 majorem
734 5361 905 5421 securitatem
926 5366 1048 5440 praestate
1068 5360 1160 5441 poffit.

480 5555 502 5603 p,
512 5489 734 5606 pspffltppapt
750 5495 775 5543 de
791 5494 953 5554 Hamorrhagia
967 5500 1023 5546 uteri
1033 5496 1178 5555 grattidarum
1192 5501 1216 5543 itt
1229 5495 1295 5543 Acad.
1305 5496 1403 5551 chirarg.
1420 5493 1462 5572 Vd-
1472 5497 1493 5537 Ι.
