4667 6609
505 2568 894 2631 ossrnuuonarr
1050 2627 1052 2631 ,
1170 2588 1220 2650 3'77

192 2656 285 2732 picur,
304 2662 332 2738 δι
350 2701 360 2728 ,
381 2662 464 2721 veluti
484 2683 566 2722 omne
586 2664 726 2733 oleosum,
746 2674 857 2731 rancida
878 2674 927 2743 fit,
947 2681 1221 2758 tandemnigririem

191 2734 237 2796 offi
258 2739 362 2808 adfert,
383 2762 444 2799 cum
466 2742 546 2799 foedo
566 2750 593 2800 δι
615 2747 779 2804 intolerabili
801 2754 901 2810 odore.
923 2757 1025 2822 Caries=
1043 2761 1220 2831 etiamiuos-v

193 2816 219 2874 se
240 2815 335 2895 serpit,
356 2823 587 2896 quemadmodum
608 2822 687 2899 supra
707 2827 742 2884 de
760 2827 890 2904 ,sphacelo
909 2835 1013 2893 dicium
1035 2837 1107 2896 fuit.
1129 2849 1220 2914 (55.)

193 2904 233 2957 Os
251 2902 353 2973 omne,
374 2902 448 2976 quod
460 2899 509 2957 sua
531 2907 688 2963 membrana
700 2927 754 2966 non
774 2916 945 2990 contegitur,
966 2936 1024 2976 tum
1036 2920 1144 2997 digito,
1160 2942 1220 2982 turn

193 2978 316 3056 specillo,
337 2977 459 3056 asperum
478 2986 654 3063 &inaequale
675 2992 809 3059 occurrit,
830 2999 929 3073 quippe
946 3002 1052 3077 quoda
1073 3005 1220 3065 malacor-

192 3079 327 3140 ruptoque
348 3062 462 3122 humore
482 3064 591 3126 exesum
612 3071 902 3149 atqueexasperatum
923 3084 979 3138 est.
1042 3133 1043 3136 ,
1119 3114 1121 3117 -

479 3192 483 3199 1,
648 3159 673 3217 §.
698 3171 783 3225 1050.
854 3167 857 3171 ’

232 3226 331 3284 Caties
354 3244 488 3286 autemex
509 3231 683 3291 iisomnibus
703 3239 934 3316 oritur,.quibus
955 3243 1131 3318 petioliium,
1152 3246 1225 3323 ipsa·

191 3324 246 3382 que
266 3306 322 3366 olla
341 3314 369 3366 δε
391 3309 443 3367 illae
464 3315 569 3370 arteriae
589 3332 741 3393 venaeque,
762 3338 823 3395 quae
844 3323 888 3378 his
911 3322 1069 3384 alimentum
1091 3324 1227 3387 submini-

190 3388 295 3457 strant,
316 3391 470 3450 laeduntur.
492 3401 715 3469 (topi-1033.)
738 3402 846 3477 Igitur,
867 3404 885 3459 sr
907 3406 1002 3475 locus,
1023 3410 1068 3465 cui
1077 3428 1110 3466 os
1133 3409 1225 3483 subje-

192 3472 266 3526 cium
287 3474 353 3539 est,
375 3477 494 3550 graviter
513 3475 648 3552 perculsus
665 3510 680 3547 ,v
695 3482 736 3538 vel
758 3484 851 3541 altiori
872 3491 899 3543 ἃ
920 3488 1007 3547 ad'os
1029 3488 1120 3566 usque
1140 3513 1225 3569 pene·

195 3568 283 3608 arante
305 3555 442 3627 vulnere,
463 3576 512 3613 nec
534 3577 588 3616 non
605 3557 742 3627 abscessu,
764 3566 877 3632 ulcere,
899 3567 1004 3636 fistula,
1024 3570 1101 3627 laesus
1123 3573 1176 3630 fuit
1196 3579 1226 3632 δι

195 3633 385 3702 exulceratus,
406 3657 437 3693 os
454 3639 588 3697 cariosum
610 3640 657 3698 fit.
681 3643 713 3699 ld
731 3645 814 3700 etiam
826 3649 925 3703 accidit
945 3652 1063 3708 ex'vitio
1073 3665 1121 3726 per
1136 3672 1228 3713 totum

193 3734 292 3791 corpus
311 3714 430 3785 diffuso,
451 3725 477 3776 ὅ(
499 3726 632 3797 praecipue
653 3744 701 3799 per
719 3745 864 3784 venereum
882 3731 1035 3799 morbum,
1056 3752 1114 3810 quo
1134 3739 1230 3797 omnia

192 3800 339 3874 pinguiora
362 3818 443 3877 atque
459 3801 550 3861 oleosa
567 3809 718 3881 incorpore
741 3827 996 3887 corrumpuntura.
1016 3815 1108 3871 Etiam
1127 3821 1228 3890 cariem

193 3878 285 3935 adfert
297 3877 462 3949 scorbutuS,
483 3882 502 3938 st
521 3887 545 3940 is
564 3888 704 3955 adolevit,
725 3894 752 3945 ἃ
770 3892 818 3947 alii
841 3893 948 3951 vetusto
965 3916 996 3953 ac
1015 3901 1132 3955 venereo
1151 3907 1228 3958 naor·

191 3959 230 4014 bo
241 3957 423 4036 superuenit,
443 3966 612 4043 quandoque
628 3970 892 4041 etiam-carcinoma,
908 3974 927 4030 st
944 3977 1012 4032 illud
1031 3980 1152 4055 aliquam
1162 4001 1226 4039 cor-

189 4042 266 4114 poris
287 4059 409 4116 partetn,
429 4047 561 4121 praecipue
581 4051 677 4124 pedus
695 4093 704 4120 ,
724 4071 860 4128 occupat,
881 4076 936 4132 quo
959 4058 1035 4115 coliae
1061 4062 1224 4119 vitiantur.

190 4122 224 4176 ld
242 4125 324 4179 etiam
344 4126 463 4182 accidere
481 4124 549 4185 solet
569 4171 578 4196 ,
599 4129 616 4184 si
634 4152 672 4187 ex>
685 4135 798 4189 variolis
821 4139 947 4211 malignis
966 4141 1171 4201 mala'materia
1192 4147 1224 4200 in

168 4230 170 4235 ·
189 4204 345 4277 periostiurn
364 4208 492 4263 inclinata
512 4209 582 4266 fuit.
607 4212 835 4270 Rhachiticorum
855 4217 934 4283 olla,
955 4220 1145 4292 srvitiantur,
1166 4234 1222 4283 nota

191 4302 247 4340 ram
264 4290 355 4351 carie,
376 4306 458 4363 quam
478 4285 554 4363 spina
573 4290 704 4359 ventosa,
719 4292 896 4353 infestantur.
915 4304 1045 4372 <¹039·)

221 4406 235 4433 a
250 4389 306 4438 Vid.
324 4399 501 4438 aoEnHAAVE
517 4394 582 4441 Praes.
599 4395 625 4441 in
642 4395 850 4454 Aphrodisiacum.
980 4389 982 4392 ¹
1041 4390 1043 4392 ¹

640 4507 665 4564 §.
686 4516 779 4568 1051.

125 4635 126 4642 ¹
196 4634 199 4635 ⁷
231 4616 319 4674 Facile
340 4616 446 4674 tollitur
466 4621 568 4685 carieS,
588 4638 648 4695 quae
670 4618 779 4677 acaufis
800 4638 861 4680 orta
883 4623 955 4691 fuit,
976 4644 1035 4702 quae
1043 4630 1216 4691 extrinsecus

191 4700 312 4757 accidere
331 4695 456 4774 possunt,
478 4701 565 4756 multo
585 4698 738 4769 difficilius,
759 4703 779 4759 st
800 4703 848 4760 illa
865 4724 929 4762 nata
948 4710 986 4764 eli
1005 4713 1222 4772 exvitiaroeor-

190 4783 265 4855 poris
286 4780 397 4839 habim.
419 4779 604 4839 Tolerabilior
623 4784 677 4851 eli,
698 4803 757 4860 quae
779 4783 872 4844 Offium
881 4805 972 4863 partes
993 4792 1119 4850 duriores
1137 4816 1221 4855 occu-

190 4878 255 4937 pat,
276 4865 302 4919 ὅ(
323 4881 385 4938 quae
406 4866 436 4918 in
445 4859 557 4920 summis
579 4864 635 4932 est,
657 4884 759 4941 quam,
780 4885 843 4943 quae
863 4867 918 4927 olla
937 4891 999 4928 rara
1020 4876 1220 4955 cavernosaque

192 4947 320 5016 (1018.)
343 4943 469 5010 infestat,
490 4945 609 5003 &altius
631 4945 783 5006 descendit.
804 4950 880 5008 Nam
902 4953 983 5010 inhis
1004 4954 1224 5017 ollibuse'orum-

192 5046 245 5102 que
266 5027 417 5083 cavernulis
439 5026 552 5085 celerius
564 5029 695 5104 ¹¹procedit
715 5032 840 5099 vitium,
871 5054 919 5091 nec
939 5055 972 5092 os
993 5054 1049 5094 tam
1071 5038 1152 5098 facile
1173 5044 1223 5100 sre-

192 5127 253 5165 cum
275 5107 334 5166 fieti
355 5108 489 5184 potestsid
510 5111 586 5186 quod
607 5108 799 5179 necessatium,
820 5115 983 5174 fivitiatum
1004 5120 1039 5176 ab
1060 5122 1168 5199 integro
1179 5145 1223 5182 te-

192 5188 262 5246 solvi
278 5192 378 5248 debet,
400 5194 531 5267 (1035.)
553 5194 645 5251 Etiam
667 5194 734 5251 alius
756 5212 845 5252 metus
863 5195 1006 5268 effesolet,
1029 5202 1079 5259 ubi
1100 5206 1223 5264 illudra-

193 5274 267 5327 riora
287 5270 342 5329 olla
364 5274 485 5348 articulis
505 5277 634 5352 propiora
654 5293 739 5343 tenet,
760 5280 925 5338 novitiatus
947 5282 1048 5342 humor
1070 5287 1099 5343 in
1120 5290 1224 5347 articu-

194 5353 235 5412 los
256 5353 375 5411 defluat.v
392 5357 468 5413 Cum
488 5358 572 5414 etiam
593 5378 677 5435 prope
697 5359 826 5417 articulos
843 5363 934 5438 plures
955 5364 1119 5425 musculi&
1133 5372 1225 5429 tendi-

119 5472 121 5477 κ
193 5456 242 5492 nes
255 5433 341 5511 ,super
361 5435 423 5494 ossa
440 5437 591 5507 finiantur,
603 5446 640 5498 ἃ
661 5442 767 5499 articuli
788 5446 881 5501 etiam
893 5447 1048 5523 ligamentis
1066 5456 1225 5511 continean-

197 5534 256 5586 rnr,
277 5516 336 5576 ossa
359 5538 413 5576 non
433 5518 486 5576 fine
508 5518 667 5582 difficultate
687 5526 900 5601 deoperiuntur:
922 5546 1007 5604 quare
1028 5535 1058 5588 in
1075 5533 1120 5592 his
1134 5556 1224 5613 quan«

197 5599 289 5677 doque·
307 5604 409 5669 caries,
429 5600 448 5656 fi
468 5601 633 5676 profundius
655 5608 761 5674 h'aeret,
782 5605 939 5666 insanabilis
960 5612 1014 5668 est.
1035 5615 1230 5694 Carrilagines:
1266 5623 1268 5625 ’

196 5682 296 5754 etiam,
316 5683 340 5747 fi·
356 5684 560 5772 ille‘corruptae
573 5686 706 5768 suerunt,
723 5696 891 5837 >tuirnquapnb
898 5692 1095 5771 renascuntur,
1115 5704 1223 5780 etqui«.
