4667 6609
548 2560 869 2610 Pareououz.

607 2698 686 2755 <§·
715 2702 802 2757 75·v

254 2824 286 2881 ln
305 2824 356 2879 hoc
382 2814 603 2875 inflammationis
631 2828 725 2887 genere
747 2803 889 2880 negotium
915 2800 1121 2891 periculumque
1138 2797 1230 2877 majus

213 2904 268 2971 est,
289 2920 369 2979 quam
390 2902 416 2953 in
436 2892 625 2967 erysipelate&
648 2885 780 2946 abscessu.
800 2884 892 2940 -Faeile
913 2884 985 2938 enim
1005 2878 1097 2937 transit
1114 2898 1143 2935 tn
1159 2895 1229 2953 gan-

212 3002 351 3061 grenam.
381 2980 422 3033 Ex
442 2972 629 3029 communibus
651 2970 729 3044 lignis
760 2970 787 3022 δι
809 2965 873 3040 agri
902 2962 1113 3038 proprietatibus
1135 2960 1228 3035 (60.)

212 3065 363 3140 colligitur,
383 3073 446 3112 num
467 3055 490 3108 is
512 3050 564 3107 sme
584 3051 703 3126 periculo
724 3045 853 3104 evasurus
875 3042 934 3099 stt

662 3180 687 3236 n·
715 3176 762 3241 76·

252 3299 333 3355 Omni
354 3316 433 3371 opera
454 3296 607 3351 enitendum
628 3336 636 3359 ,
658 3309 687 3349 ut
708 3290 894 3347 inflammatio
914 3283 1101 3344 discutiatur.
1123 3291 1133 3357 (
1153 3282 1229 3353 53.)

211 3384 305 3455 Qtare
326 3377 543 3454 quamprimum
565 3376 693 3429 auxilium
719 3374 865 3447 petendum
886 3370 924 3427 est
954 3370 989 3425 ab
1010 3369 1073 3432 iis,
1102 3383 1163 3440 quae
1184 3358 1231 3418 su-

209 3480 258 3535 pra
278 3467 289 3533 (
299 3465 346 3516 62.
369 3459 403 3513 ad
424 3457 490 3526 70.)
512 3457 699 3530 praecepimus.
722 3456 749 3509 Si
770 3473 839 3509 vero
854 3452 889 3508 ad
909 3469 944 3507 ea
963 3447 1147 3513 veniendum,
1168 3462 1229 3519 quae

210 3543 325 3597 exterius
347 3537 521 3594 inflammatis
544 3535 645 3609 imponi
668 3534 765 3591 tlebent
788 3574 797 3598 ,
828 3537 855 3588 ἃ
877 3532 1037 3604 haec'variis
1058 3527 1231 3601 temporibus

210 3618 434 3677 accommodanda
455 3615 529 3674 sunt.
552 3618 748 3673 Concurrentis
769 3614 895 3669 humoeis
918 3610 1023 3666 aditum
1045 3626 1110 3663 mox
1131 3606 1167 3660 ab
1176 3605 1232 3695 ini:

209 3702 248 3755 tio
270 3718 392 3755 auertunt
412 3699 609 3773 reprimentia.
643 3697 764 3751 Remotis
795 3696 867 3749 enim
897 3710 960 3747 ante
980 3690 1101 3753 omnia,
1130 3683 1230 3741 fibert
1304 3698 1306 3701 ·

208 3780 320 3854 potest,
341 3778 422 3835 caufis
441 3820 449 3844 ,
471 3777 617 3853 aliquando
639 3776 745 3833 confert
765 3776 874 3849 corpori
895 3772 940 3829 vel
960 3790 1007 3846 per
1028 3771 1129 3834 itinn,
1155 3766 1199 3822 vel
1220 3805 1231 3831 ,

209 3860 259 3916 ubi
275 3880 307 3916 ex
329 3860 383 3915 alto
412 3859 539 3925 decidit,
566 3855 686 3923 colliso,
713 3856 845 3931 frigidam
867 3853 970 3911 ferrum
997 3850 1109 3908 aliudve
1129 3848 1230 3905 durum

210 3959 306 4014 corpus
327 3941 499 4014 opprimere.
529 3939 590 3995 Filo
611 3941 694 3994 etiam
722 3935 802 4012 supra
823 3954 923 3992 noxam
954 3935 1059 4006 injesto
1076 3931 1230 3988 membrum

211 4020 324 4094 deligari
344 4019 448 4092 potest,
468 4037 522 4074 non
543 4035 633 4072 tamen
653 4018 733 4071 nimis
754 4018 953 4079 vehementer,
973 4034 1006 4069 ne
1027 4028 1151 4089 torpeat,
1173 4029 1229 4086 qua

210 4095 266 4171 ipsa
288 4118 315 4153 re
335 4098 504 4169 impeditur,
535 4118 566 4151 ne
588 4096 655 4151 illud
673 4096 743 4156 ,adeo
773 4092 956 4151 intumescat3
987 4094 1015 4148 id
1036 4093 1113 4168 quod
1140 4092 1229 4147 maxi-

210 4197 252 4231 me
272 4174 406 4232 observari
427 4176 518 4235 decet,
539 4174 557 4225 sr
579 4171 739 4243 serpentium
761 4173 931 4245 aliorumque
948 4188 1145 4226 venenatorum
1155 4190 1230 4227 mor-

208 4253 252 4308 sus
272 4272 324 4308 non
354 4254 466 4307 nimium
492 4250 634 4304 distantem
666 4251 833 4305 curationem
863 4249 1020 4305 delulerat.
1053 4250 1121 4305 Sunt
1142 4290 1152 4317 ,
1180 4253 1241 4325 qui·

209 4334 354 4388 membrum
375 4332 500 4403 pellicula
530 4330 703 4396 involvunt,
733 4349 792 4405 quat
814 4332 842 4385 in
868 4349 923 4387 ovo
944 4330 1010 4396 est,
1040 4348 1097 4405 qua
1117 4332 1146 4385 in
1167 4338 1232 4387 aete

208 4412 319 4478 siccata,
340 4410 408 4466 illud
427 4413 509 4467 etiam
530 4411 664 4468 valentius
686 4410 860 4486 adstringitur
881 4456 888 4468 .
910 4411 1057 4486 Superdari
1079 4413 1109 4466 in
1131 4414 1231 4483 maiori

210 4494 280 4547 malo
301 4490 404 4567 polsunt
425 4490 587 4567 epiihemata
608 4510 641 4545 ex
663 4496 785 4557 aceto&
808 4511 879 4565 aqua
900 4490 1018 4565 expressa
1036 4532 1046 4565 ,
1076 4495 1106 4547 in
1127 4494 1231 4568 quibus

208 4574 313 4626 alumen
337 4613 346 4637 ,
366 4570 403 4625 sal
424 4572 543 4625 marinus
563 4609 572 4634 ,
594 4566 631 4623 sal
652 4572 835 4625 ammoniacus
858 4568 916 4627 sota
938 4570 1013 4627 fuere
1035 4615 1042 4626 .
1066 4572 1231 4646 Reprimunt

211 4654 291 4706 etiam
312 4654 338 4704 bt
360 4652 403 4703 bis
425 4650 503 4717 adjici
526 4645 628 4721 poffunt
649 4651 740 4703 omnia
761 4669 795 4704 ex
816 4652 928 4724 plumbo
950 4667 1044 4725 parata
1061 4672 1083 4717 ,¹
1098 4652 1198 4709 ceruffa
1219 4694 1231 4721 ,

210 4730 423 4805 lithargyrium,
451 4726 606 4784 saccharum
626 4726 755 4786 saturni:
785 4750 818 4786 cx
840 4731 1039 4807 vegetabilibus
1061 4732 1230 4811 adstringen-

212 4813 251 4863 tia
271 4850 280 4874 ,
300 4809 377 4862 radia
398 4809 533 4874 bistortae,
554 4810 739 4875 tormentillae,
760 4808 946 4886 filipendulae,
968 4814 1040 4880 acori
1063 4814 1231 4883 adulterini,

212 4890 294 4944 'uerba
315 4884 491 4953 alchimillae‘,
513 4887 623 4963 equiseti
643 4931 652 4956 ,
673 4889 832 4958 millefolii,
854 4894 1025 4961 herniaria,
1045 4893 1152 4954 hedera
1172 4890 1231 4955 ter-

211 4969 316 5033 restris>
336 4968 520 5042 pentaphyllh
541 4967 681 5037 sanicula,
700 4975 782 5048 uirgae
803 4992 905 5033 aureas
928 4974 993 5033 flor.
1014 4973 1137 5034 rosatum
1152 4981 1228 5037 rubr.

212 5049 418 5114 balaustiorum,
438 5049 581 5123 hyperici,
601 5052 695 5127 gallae,
715 5056 815 5129 cupulae
836 5055 1004 5132 glandium,
1026 5058 1230 5129 malicorium,

213 5130 323 5185 cortices
343 5148 474 5203 quercuS,
497 5128 616 5211 fraxini,
637 5130 719 5190 musci
739 5138 811 5191 varii
828 5139 951 5213 generist
974 5139 1090 5214 quibus,
1112 5162 1145 5198 ex
1157 5162 1231 5220 aqua

212 5228 272 5262 eum
293 5225 367 5265 aceto
387 5211 428 5265 vel
450 5211 516 5266 vino
537 5214 641 5270 austero
661 5214 778 5273 decoctis
798 5259 807 5284 ,
828 5220 893 5275 addi
914 5218 1020 5296 poliunt
1039 5221 1108 5278 dieti
1130 5222 1197 5280 sales
1214 5234 1229 5281 “.

211 5289 381 5378 ξωρῐείίτα,
401 5311 459 5367 quae
479 5293 562 5369 vulgo
583 5295 642 5350 heic
664 5295 823 5366 laudantur,
844 5298 982 5359 defenfiva
1003 5304 1117 5361 minoris
1138 5303 1232 5363 effica-

211 5374 320 5504 (κζ
341 5374 387 5426 vix
408 5374 505 5430 minori
527 5376 598 5435 malo
618 5396 769 5461 opportuna
790 5377 854 5441 sunt
874 5427 883 5441 .
903 5386 956 5443 His
978 5383 1121 5445 admisceri
1141 5389 1230 5467 potest

211 5467 286 5524 camp
306 5469 368 5508 ora.
1153 5475 1155 5478 >

867 5636 896 5693 D
974 5596 975 5599 γ
