4667 6609
491 2572 492 2575 Ἴ
538 2520 980 2564 scrunuusuacnucun‘.·
1166 2500 1169 2502 ’
1234 2496 1264 2555 ⁸9

240 2624 322 2671 vero,
342 2608 391 2683 qui
411 2604 463 2665 sine
483 2627 555 2665 noxa
575 2606 754 2678 quieverant,
774 2603 829 2671 jam
851 2600 904 2654 hoc
925 2614 1001 2653 motu
1022 2601 1048 2653 &
1070 2588 1168 2659 attritu
1188 2592 1265 2647 cien-

242 2703 287 2745 tur
304 2729 313 2755 ,
333 2688 422 2745 calore
442 2707 534 2765 putres
556 2686 623 2741 fiunt
643 2685 671 2736 &
691 2701 765 2737 acres
784 2683 864 2753 ,qui
884 2679 1035 2751 proxima,
1056 2678 1146 2753 adhuc
1167 2671 1232 2731 sana
1254 2712 1264 2739 ,

243 2770 363 2835 rodendo
385 2769 510 2827 finuant.
539 2768 575 2821 Et
596 2760 629 2815 sic
650 2762 758 2816 tandem
780 2756 898 2814 [cirrhus
925 2759 954 2812 in
982 2758 1130 2834 malignum
1150 2774 1264 2817 verum-

244 2868 296 2924 que
317 2868 442 2907 cancrum
463 2848 626 2920 degenerat.

340 2979 342 2982 .
404 2978 407 2983 ,
428 2930 429 2933 ’
690 2925 715 2981 §.
746 2923 812 2988 263.

264 3013 352 3068 ,Sunt
372 3027 465 3070 vero,
492 3021 552 3077 qua
576 2996 707 3053 scirrhum
733 3000 870 3062 irritant,
899 3000 991 3054 omnia
1020 3018 1079 3074 quae
1100 3021 1161 3058 eum
1182 3000 1265 3057 nimis

245 3094 373 3167 agitant.
394 3090 468 3141 Inter
490 3083 547 3137 haec
566 3078 653 3155 partis
677 3074 788 3133 adfectae
811 3078 899 3133 motio
914 3101 954 3145 a,
974 3078 1065 3153 pressu>
1086 3085 1113 3135 &
1135 3082 1266 3146 fricatio,

244 3178 376 3241 omneque
399 3165 479 3229 fere,
509 3161 583 3237 quod
610 3158 714 3235 imponi
744 3155 837 3225 solet,
868 3158 1120 3222 medicamentum,
1150 3161 1268 3215 maxime

244 3249 263 3306 si
284 3247 352 3304 iilud
374 3265 460 3311 acre,
480 3243 578 3299 rodens
595 3282 605 3308 ,
625 3243 741 3317 pingue,
763 3239 936 3307 rancidum,
957 3234 1118 3305 resmosum,
1140 3234 1269 3313 spirituo-

244 3329 327 3396 sum,
347 3328 392 3387 vel
413 3322 544 3403 aquosum
565 3327 592 3378 &
613 3322 734 3378 molliens
755 3323 793 3380 est
815 3367 822 3378 .
853 3324 954 3378 Omnia
974 3319 1063 3378 caiida
1083 3361 1093 3387 ,
1114 3320 1268 3397 quamtus

244 3410 412 3477 sumuntur,
440 3410 529 3465 victus
557 3405 641 3461 eriam
672 3403 760 3469 talis,
789 3408 816 3460 δι
843 3422 902 3479 quae
932 3405 1002 3460 inter
1027 3401 1106 3459 cibos
1136 3398 1269 3477 potusque

245 3493 404 3551 valentioris
425 3492 531 3567 generis
553 3485 671 3561 malique
692 3480 762 3540 succi
784 3482 872 3549 sunt,
902 3501 1049 3551 ammata,
1080 3480 1270 3553 salsamenta,

246 3576 365 3641 vinum,
385 3574 479 3629 vinum
502 3570 624 3627 adustum
643 3586 651 3625 3
672 3581 800 3642 praterea
820 3564 1034 3621 vehementiores
1056 3566 1142 3619 animi
1163 3579 1271 3636 pertur-

245 3652 391 3721 bationeS,
410 3652 563 3727 voluptates
584 3667 704 3717 venereae
725 3651 751 3703 &
773 3646 883 3702 illarum
903 3644 1034 3701 desideria
1053 3664 1061 3701 ς
1083 3662 1142 3718 quae
1162 3682 1172 3708 ,
1192 3659 1223 3697 ut
1243 3646 1271 3697 ἂ

245 3740 337 3795 omnia
358 3733 547 3799 vehementia,
569 3732 589 3788 ii
608 3749 744 3788 removere
765 3727 884 3794 debent,
904 3728 954 3802 qui
975 3723 1079 3783 scirrho
1099 3723 1278 3792 laborant&

246 3838 307 3876 cum
328 3818 381 3876 hoc
402 3815 438 3873 ad
459 3813 622 3872 senectutem
641 3812 780 3887 pervenire
801 3811 933 3885 cupiunt.

275 3983 290 4011 a
305 3964 405 4013 Nullum
420 3962 592 4012 exercitationis
608 3975 682 4020 genus
696 3973 851 4007 mammarum
864 3968 968 4005 tumores
974 3954 1076 4003 scitrhoi'
1088 3968 1118 4001 ue
1133 3952 1209 4011 magis
1215 3965 1284 3999 cont

249 4025 319 4073 citare
333 4023 422 4083 potest,
436 4037 524 4080 quam,
539 4036 585 4079 quo
597 4019 687 4069 brachia
700 4017 804 4067 muitum
817 4014 931 4071 §artantur
944 4050 952 4070 ,
967 4014 1022 4071 quia
1037 4028 1067 4071 pe
1090 4012 1157 4059 oraiis
1175 4009 1271 4058 muscu-

217 4159 218 4163 ,
247 4084 283 4131 ius
300 4084 341 4130 iub
354 4096 456 4130 mamma
471 4080 526 4126 irtus
540 4079 590 4125 est.
699 4143 715 4198 ὃ
751 4140 788 4184 26

289 4223 428 4279 Scirrhum
449 4217 598 4293 malignum
626 4214 730 4270 facium
751 4209 829 4278 effe,
858 4229 892 4267 eir
919 4211 992 4265 notis
1021 4204 1188 4283 quibusdam
1208 4203 1286 4263 scire·

247 4305 337 4361 iicet«.
364 4301 411 4358 Ab
432 4300 515 4355 initio
536 4298 615 4355 dolor
637 4295 788 4359 modicuS,
816 4294 929 4369 prurigo
951 4292 1063 4360 major,
1093 4294 1121 4346 &
1141 4290 1213 4345 circa
1233 4287 1278 4342 io·

249 4404 310 4443 cum
323 4378 424 4459 *aliqua
445 4380 522 4458 quafi
540 4381 640 4455 puncta
661 4374 841 4433 sentiuntur.
864 4372 954 4430 Dolor
974 4370 1062 4428 indies
1083 4366 1209 4428 increscit
1230 4364 1285 4430 fit-f'

249 4487 303 4543 que
323 4484 463 4540 pungens,
485 4460 608 4527 fodiens,
628 4455 754 4531 pulsam,
776 4452 864 4519 acris,
884 4470 966 4507 urens
984 4490 994 4515 ,
1014 4456 1041 4506 &
1063 4448 1115 4506 sub
1135 4449 1218 4507 finem
1234 4448 1277 4523 fe·
1359 4502 1361 4504 ,

250 4568 279 4605 re
300 4543 506 4607 intolerabilis,
536 4559 591 4615 quo
612 4538 696 4591 horno
716 4534 858 4589 distinetur
887 4535 915 4588 &
937 4530 1051 4585 muitum
1071 4531 1277 4586 excruciatur.

251 4630 360 4686 Duritia
382 4628 450 4681 inter
471 4622 528 4677 haec
548 4624 575 4676 δι
596 4615 751 4693 asperitudo
773 4630 934 4689 augentur,
963 4610 1037 4668 color
1058 4610 1094 4681 ab
1106 4612 1196 4666 initio
1217 4629 1275 4667 non

175 4732 178 4733 ⁷
253 4713 321 4767 aiius
342 4708 403 4772 est,
423 4722 486 4760 mox
507 4701 611 4765 ruber,
633 4698 734 4755 iividus
755 4700 783 4752 &
804 4697 971 4772 nigricans,
1000 4695 1027 4748 &
1047 4688 1123 4748 v'enae
1152 4710 1211 4768 quae
1234 4684 1295 4749 et?

253 4795 308 4849 iam
327 4790 443 4852 livent,
470 4786 542 4839 circa
562 4799 696 4839 tumorem
717 4776 833 4834 multum
854 4776 1011 4839 inflantur,
1039 4790 1070 4829 ac
1091 4772 1165 4849 quasi
1186 4791 1278 4830 recur-

253 4890 350 4930 vantur
370 4914 377 4925 .
398 4864 522 4923 Tandem
542 4864 641 4921 humor
659 4856 774 4918 vitiosus
795 4881 811 4913 a
835 4857 1018 4920 uelamentum
1041 4893 1052 4921 ,
1082 4873 1140 4931 quo
1161 4851 1279 4912 scirrhus

255 4949 519 5029 comprehenditur,
547 4950 574 5002 &
595 4942 671 5020 quod
696 4939 867 5016 aglanduiae
898 4938 991 4996 tunica
1017 4951 1111 4994 ortum
1140 4936 1280 5005 videtur,

256 5053 378 5093 necnon
399 5029 549 5105 supremam
570 5044 659 5085 cutem
680 5023 773 5081 exestr
795 5042 830 5079 ex
851 5022 939 5079 uicere
961 5019 1060 5075 humor
1082 5015 1170 5076 fertur
1191 5020 1280 5095 putri-

257 5120 308 5175 dus
331 5115 449 5190 malique
469 5110 564 5169 odoris
585 5114 612 5167 δε
639 5125 732 5167 verum
754 5104 859 5164 facium
886 5104 924 5161 est
944 5096 1120 5177 aupairurra,
1148 5095 1196 5158 seu
1217 5120 1282 5159 can·

258 5220 306 5274 cer
323 5214 451 5275 apertus.

288 5365 303 5396 a
318 5352 348 5395 In
362 5361 445 5395 cancro
457 5344 548 5393 occuito
561 5333 619 5403 sepe
640 5340 668 5389 in
681 5340 756 5391 medio
776 5351 867 5390 tumore
883 5338 1000 5400 reperitur
1021 5350 1110 5386 cavum
1131 5335 1242 5383 acerrimo
1256 5331 1283 5380 δε

260 5408 342 5457 r'oetido
354 5407 449 5455 humore
471 5405 568 5465 plenum
583 5438 588 5449 .
613 5402 669 5449 Vid.
686 5414 706 5447 1>
714 5412 731 5445 E
740 5413 750 5447 1
760 5413 778 5448 ὓ
786 5414 796 5447 1
807 5411 824 5445 E
833 5415 854 5449 R
868 5400 908 5449 des
923 5404 1028 5447 Yumeurs
1049 5400 1106 5457 Cap·
1124 5399 1169 5448 Vi.
1185 5411 1208 5457 p.
1228 5404 1279 5451 103.

260 5466 286 5514 ἃ
301 5470 331 5519 G.
348 5481 368 5517 u
379 5478 491 5518 nunus
507 5463 597 5513 Differt.
613 5465 644 5513 X.
661 5476 683 5522 p.
697 5463 747 5511 163.

916 5604 951 5672 M
