4667 6609
470 2620 589 2701 curatos
602 2680 612 2709 ,
636 2630 685 2690 sed
710 2626 837 2708 postea,
859 2625 920 2687 ubi
945 2624 1146 2686 inflammatio
1171 2618 1324 2683 concitata
1348 2619 1448 2679 suerat
1467 2616 1480 2692 ,'

470 2732 613 2814 sanguinis
636 2724 768 2785 missione
802 2725 852 2785 vel
880 2720 1035 2803 negledta,
1063 2722 1114 2782 vel
1132 2718 1358 2783 immoderatius
1374 2714 1477 2794 fabia,

468 2847 522 2889 aut
545 2824 649 2883 alienis
682 2844 702 2883 a
735 2824 842 2902 morbo
866 2819 1091 2881 medicamentis
1116 2862 1127 2891 ,
1163 2834 1217 2877 aut
1250 2816 1316 2877 cibo
1349 2812 1479 2893 pleniori

467 2921 647 3003 porioneque
672 2918 862 2993 valentiori,
896 2916 934 2976 ad
968 2930 1098 2973 mortem
1125 2914 1353 2992 praecipitatos.
1390 2906 1480 2968 Nihil

466 3036 684 3083 commemoro.
704 3018 741 3075 de
776 3016 853 3075 varii
879 3010 992 3094 generis
1019 3010 1216 3084 tumoribus,
1250 3010 1305 3087 qui
1331 3029 1383 3068 nec
1409 3005 1482 3066 scal-

467 3115 592 3195 pellunt¹
616 3133 827 3193 manumque,
853 3111 903 3172 sed
932 3109 1149 3171 medicamenta
1174 3104 1349 3186 postulant,
1375 3104 1480 3184 quibus

467 3213 506 3275 idj
542 3212 620 3291 quod
649 3210 849 3283 intumescit,
883 3208 933 3268 uel
960 3207 1212 3286 reprimendum,
1246 3200 1296 3262 vel
1321 3199 1481 3260 discutien-

468 3309 570 3388 dum,
606 3307 680 3380 vel,
714 3306 793 3365 stad
819 3304 1061 3382 suppurationem
1091 3298 1206 3379 speclat
1238 3344 1248 3373 ,
1288 3297 1486 3386 digerendum.

468 3403 742 3479 emolliendumque
775 3400 836 3457 est.
862 3398 973 3473 Nam,
1004 3398 1027 3473 fi
1051 3398 1115 3455 baec
1140 3395 1388 3467 medicamenta,
1425 3412 1484 3450 non

468 3496 591 3557 diversis
616 3486 741 3555 illorum
761 3496 918 3575 „generibus
932 3539 943 3568 ‚
970 3510 1002 3553 et
1029 3491 1118 3555 uariis
1141 3493 1236 3552 etiam
1270 3510 1335 3570 quae
1371 3492 1402 3546 in
1438 3489 1484 3547 his

448 3592 673 3655 curationibus
706 3592 773 3651 suut
800 3637 811 3666 ,
847 3592 1034 3671 temporibus
1076 3590 1340 3650 accommodantur
1369 3629 1378 3656 ‚
1430 3582 1486 3642 illa

469 3690 572 3748 omnia
596 3689 787 3766 exasperare,
813 3703 844 3745 et
869 3686 945 3765 saepe
970 3686 1192 3745 immedicabile
1227 3684 1343 3743 malum
1378 3681 1486 3742 afferre

464 3786 605 3864 possunt,
631 3804 700 3842 cum
724 3799 759 3842 et
782 3783 836 3842 alii
861 3799 994 3842 tumores
1018 3782 1095 3856 sint,
1120 3780 1192 3860 qui,
1217 3780 1297 3859 quod
1322 3779 1353 3834 in
1371 3779 1401 3837 se
1416 3775 1485 3856 ipsrs

468 3880 582 3959 aliquid
606 3881 741 3959 corrupti
765 3881 908 3954 habent,
942 3878 1038 3938 veluti
1063 3868 1194 3951 cancer,
1227 3875 1366 3935 omnibus
1402 3873 1487 3932 auxi-

467 3976 537 4050 liis,
562 3994 630 4035 tum
649 3976 811 4053 scalpello,
841 3992 908 4035 tum
926 3976 1169 4047 medicamentis,
1183 3961 1363 4031 irritantur.
1382 3970 1486 4048 Qud?

466 4074 548 4151 quod
573 4072 651 4131 inter
683 4070 749 4131 illas
781 4072 975 4149 curationes,
1008 4090 1074 4150 quae
1110 4090 1214 4128 manu-
1236 4066 1485 4145 ferramentisque

469 4168 571 4252 fiunt‚
594 4186 735 4245 magnum
760 4166 919 4226 discrimen
945 4167 1005 4223 est.
1032 4163 1108 4224 Sunt
1132 4168 1288 4246 quaedam,
1312 4172 1398 4242 quae‘,
1414 4150 1486 4222 eum

469 4264 561 4322 iniis
586 4263 684 4321 multa
717 4280 826 4340 genera
865 4278 956 4341 atque
992 4277 1134 4340 tempora
1158 4259 1284 4341 periculi
1308 4259 1366 4318 sint
1385 4263 1489 4336 ,non

468 4358 521 4416 nisi
557 4357 611 4417 usu
643 4374 734 4437 atque
769 4358 857 4437 longa
889 4357 1109 4417 exercitatione
1135 4356 1375 4439 perdiscuntur‚
1407 4357 1487 4413 inter

468 4475 541 4534 quas
565 4455 628 4514 fere
652 4455 749 4533 prima
774 4454 845 4528 est,
874 4474 935 4532 qua
960 4453 1095 4512 calculus·
1123 4473 1164 4511 -ex
1197 4452 1324 4525 vesica,
1359 4452 1384 4508 'sr
1416 4452 1489 4510 buic

468 4554 588 4610 innatus
612 4550 683 4622 est,
697 4550 854 4609 educitur.
880 4550 964 4607 Inter
998 4566 1113 4609 ceteras
1137 4564 1241 4608 autem
1267 4548 1365 4625 plures
1382 4546 1488 4620 -sunt,

469 4668 544 4727 quav
559 4667 579 4705 a
600 4645 734 4725 quouis,
767 4646 815 4704 cui
848 4646 981 4724 partium
1015 4646 1121 4724 quibus
1154 4644 1394 4713 succurrendum
1410 4645 1448 4701 est
1465 4678 1488 4727 v,

470 4758 608 4814 natura,
643 4756 673 4800 et
703 4738 817 4821 reliqua
849 4741 967 4800 aliunde
991 4744 1110 4823 cognita
1148 4741 1244 4818 sunt,
1274 4740 1372 4798 etiarn
1406 4740 1490 4799 nullo

471 4853 621 4918 praeeunte
645 4839 807 4917 magistro,
840 4840 878 4897 ad
915 4852 1095 4916 aegrotantes
1117 4837 1234 4914 possunt
1260 4835 1412 4893 adhiberi.
1447 4838 1490 4896 Et

473 4954 563 4993 nemo
586 4935 732 5013 ignorat,
765 4936 859 4993 etiam
883 4935 964 4992 inter
989 4932 1163 4991 Parisrenses
1189 4932 1371 5009 chirurgos,
1408 4934 1490 5012 qui,

475 5050 536 5109 prae
558 5030 624 5090 aliis
648 5031 804 5104 omnibus,
830 5029 911 5091 docti
935 5046 966 5089 et
990 5050 1091 5087 rerum
1111 5028 1231 5087 suarum
1251 5029 1373 5107 experti
1401 5029 1489 5102 sunt,

475 5128 636 5186 admodum
660 5148 768 5205 paucos
794 5128 870 5201 esse,
893 5127 964 5206 qui,
991 5126 1080 5186 incisa
1105 5126 1220 5199 vesica,
1247 5123 1397 5183 calculum
1423 5146 1492 5205 pro.

477 5224 596 5281 trahere
621 5226 765 5283 audeant.
792 5224 918 5285 Nec'ad
943 5223 1008 5283 illas
1032 5216 1138 5282 arduas
1163 5222 1285 5283 curandi
1311 5222 1373 5280 vias
1399 5228 1491 5302 (ope-

478 5316 608 5378 rationes
633 5328 771 5393 vocant)
806 5322 904 5382 aditus
931 5320 996 5381 fieri
1021 5319 1120 5401 potest
1145 5319 1205 5379 sola
1231 5318 1408 5378 imitatione
1429 5340 1493 5378 ma·

481 5414 564 5492 gistri
588 5430 675 5497 atque
698 5419 941 5486 exercitatione;
967 5418 1018 5478 sed
1040 5417 1137 5476 etiam
1163 5418 1211 5478 vel
1238 5416 1372 5476 maxime
1397 5416 1494 5477 neces-

469 5510 559 5569 saria
582 5511 624 5569 est
649 5514 756 5574 notitia
780 5516 867 5594 ipsius
892 5529 1014 5590 noxae,
1045 5514 1095 5573 cui
1129 5516 1240 5583 mederi
1268 5513 1405 5575 volumus
1423 5550 1438 5589 ‚ff
1456 5530 1492 5573 et

482 5606 639 5670 causarum
671 5624 736 5700 tum
769 5612 957 5674 evidentium
1000 5628 1069 5675 tum
1106 5614 1276 5675 abditarum
1302 5659 1313 5693 ,
1354 5632 1408 5673 nec
1434 5631 1493 5669 non
