4667 6609
402 2484 453 2528 6r6
667 2484 1074 2523 *presentatio

395 2566 419 2610 ὃς
435 2579 465 2610 ex
479 2560 521 2608 hoc
546 2564 570 2606 H
579 2569 595 2604 Ε
605 2571 614 2604 1
624 2571 636 2607 s
646 2571 662 2605 Τ
674 2568 690 2603 Ε
700 2572 719 2607 R
729 2573 768 2607 us
790 2561 833 2608 loc.
850 2563 890 2608 cit.
906 2562 1008 2609 recenset
1030 2561 1165 2610 methodum
1187 2562 1282 2611 celebris
1296 2564 1355 2620 apud
1373 2569 1413 2612 Pa-

393 2619 497 2670 risrenses
512 2618 630 2677 chirurgi,
647 2623 691 2667 PE
700 2630 717 2663 Τ
727 2630 736 2662 1
747 2630 764 2664 T
773 2632 799 2677 1,
816 2620 881 2671 illam
897 2620 972 2671 adhuc
980 2620 1047 2672 valde
1061 2621 1193 2680 obscuram,
1210 2622 1234 2669 ὅ(
1249 2620 1350 2679 ambigui
1357 2622 1412 2667 usus

392 2678 484 2734 videri,
500 2677 599 2729 fatemur
617 2710 623 2721 .
641 2675 768 2723 Posthabita
782 2678 849 2727 enim
863 2678 989 2736 pertusione
1004 2680 1052 2725 ollis
1066 2681 1151 2739 unguis
1167 2716 1174 2735 ‚
1190 2695 1283 2727 cereum
1298 2680 1410 2729 minorem

394 2739 459 2792 (une
474 2736 571 2794 bougie‚
586 2740 621 2781 rin
636 2734 860 2792 schneider-Kerzgcn
876 2772 884 2794 ,
902 2740 910 2792 )
928 2751 968 2794 per
981 2738 1097 2785 orificium
1110 2738 1192 2784 fistulae
1207 2739 1308 2785 exterius
1323 2738 1349 2782 in
1363 2737 1410 2782 sac-

391 2809 449 2844 cum
464 2794 614 2853 lacrymalent
629 2793 726 2853 immisit
741 2829 748 2853 ,
771 2794 795 2845 bt
811 2794 871 2841 hanc
886 2795 990 2844 tamdiu
1013 2797 1039 2851 in
1054 2811 1080 2848 eo
1101 2797 1200 2843 servarit
1216 2832 1224 2853 ,
1247 2798 1319 2847 donec
1335 2806 1409 2851 partes

394 2854 519 2911 superiores
529 2850 634 2911 ‘pristina
649 2852 776 2913 integritati
790 2851 900 2898 restitutae
918 2853 1012 2899 fuerunt
1028 2888 1033 2898 .
1060 2856 1107 2903 Hic
1123 2871 1177 2902 vero
1191 2855 1272 2901 modus
1286 2853 1369 2911 agendi
1385 2853 1411 2901 in

393 2911 512 2958 ulceribus
527 2909 733 2969 profundioribus,
748 2910 773 2956 &
789 2911 815 2956 in
830 2909 914 2965 quibus
928 2912 1000 2965 major
1014 2914 1085 2969 portio
1098 2914 1158 2962 sacci
1173 2912 1304 2971 lacrymali‘r
1319 2910 1410 2968 exesa,

317 2974 321 2977 '
393 2970 432 3015 vel
447 2969 505 3016 callo
519 2970 624 3019 indurata
639 2968 689 3025 est,
704 2969 785 3016 minus
797 2968 881 3020 sufficit
897 3004 904 3025 ,
920 2968 1054 3017 &nullum
1069 2972 1176 3021 invenire
1190 2971 1261 3031 potest
1274 2970 1367 3017 locum:
1383 2970 1410 3015 in

393 3026 476 3074 dusius
492 3027 575 3075 nasalis
590 3042 644 3077 vero
659 3027 757 3085 simplici
778 3024 952 3084 obstruelione‚
976 3027 1069 3086 specilla
1084 3031 1209 3082 Auelliana
1229 3030 1362 3085 eumdem,
1385 3027 1410 3075 δε

393 3086 467 3143 magis
481 3086 556 3132 fidum
572 3085 707 3141 praestabunt
722 3082 844 3135 edesium.
889 3094 892 3096 ·
920 3094 922 3096 ’
975 3090 977 3095 ’

423 3144 475 3197 (d)
489 3148 520 3190 ln
536 3143 661 3202 chirurgiae
676 3144 732 3189 edit.
749 3157 802 3189 nov.
820 3157 870 3201 pag.
887 3159 940 3200 494.
957 3144 1011 3190 Sine
1026 3144 1096 3191 dubio
1113 3183 1120 3204 ,
1145 3148 1170 3194 id
1186 3147 1246 3205 quod
1262 3159 1339 3193 tamen
1354 3158 1411 3203 pace

396 3202 449 3248 Viri
464 3201 613 3259 celeberrimi
628 3200 718 3248 dietum
733 3200 783 3258 stt,
806 3201 848 3259 ipsi
864 3200 913 3253 hac
928 3202 1055 3261 inventio,
1078 3220 1129 3260 quas
1152 3208 1344 3252 Wootuon
1357 3213 1413 3249 sto

396 3259 468 3307 unice
483 3259 600 3317 debetur,
623 3275 654 3305 ex
669 3259 738 3313 hujus
753 3258 843 3315 scriptis
858 3260 953 3306 ineditis
974 3262 1065 3317 cognita
1079 3263 1125 3308 suit
1141 3296 1147 3308 .
1172 3263 1216 3315 Illa
1230 3264 1295 3315 eninr
1309 3261 1350 3319 ipsi
1365 3276 1413 3316 non

393 3314 484 3375 prorsus·
496 3317 587 3363 obscura
601 3317 667 3363 fuisse
683 3353 691 3373 ‚
713 3316 770 3363 sorte
785 3318 822 3362 illi
837 3316 944 3375 suspicari
959 3319 1067 3376 possent,
1090 3322 1131 3379 qui
1148 3321 1257 3367 nonnulla
1273 3336 1302 3367 ex
1319 3319 1413 3366 Chirur-

397 3375 435 3431 gia
449 3376 524 3433 capita
540 3390 569 3423 v.>
579 3390 601 3433 g.
617 3376 648 3423 de
662 3374 961 3435 hypopiogllaphylomate
976 3376 1024 3423 dte.
1041 3394 1096 3425 eum
1112 3382 1169 3423 Wo
1180 3390 1219 3425 ot
1229 3393 1248 3425 tr
1260 3390 1276 3423 o
1287 3394 1303 3425 n
1315 3382 1362 3424 sti
1378 3377 1414 3423 dl·⁴

394 3431 463 3493 v&atis
477 3433 623 3484 contulerunt
643 3466 648 3485 a
664 3434 774 3489 Antiqua
790 3448 845 3481 vero
860 3469 868 3491 ,
884 3449 934 3491 quae
948 3435 1051 3486 animose
1065 3437 1119 3489 satis
1133 3438 1246 3486 intereos
1260 3439 1348 3495 agitata
1363 3435 1414 3482 sue,

397 3502 453 3537 runt
466 3491 619 3539 controversia:
636 3528 643 3549 ‚
660 3491 708 3538 fine
723 3490 816 3550 dubio,
841 3492 1015 3549 impediverunt
1030 3530 1038 3552 ,
1053 3496 1190 3553 quominus
1212 3498 1244 3537 W
1254 3506 1270 3540 o
1281 3507 1349 3541 otu
1359 3506 1375 3538 o
1386 3508 1415 3552 u-

332 3556 336 3561 '
400 3560 450 3595 st1
473 3563 558 3597 nomen
573 3550 723 3607 adponeretur
738 3585 745 3607 ,
760 3565 816 3597 cum
830 3560 909 3597 tamen
931 3556 962 3598 Str
980 3554 1100 3613 YVEs‚
1123 3557 1174 3601 non
1184 3554 1256 3601 solum
1270 3554 1350 3613 sapius
1365 3552 1415 3598 val-

398 3606 573 3663 denudetur,
596 3608 635 3655 sed
649 3608 673 3654 &
690 3622 771 3666 error,
795 3609 821 3664 in
835 3624 907 3667 quem
920 3609 1058 3659 definitione
1079 3611 1177 3671 hypopii
1197 3613 1222 3659 do
1243 3614 1327 3670 unguis
1341 3610 1416 3669 lapsus

398 3665 455 3771 {sig
467 3665 525 3769 foqe
541 3666 614 3720 nimia
629 3666 740 3722 modestia
755 3666 877 3727 excusetur
893 3698 899 3718 .
916 3668 972 3715 Vid.
991 3672 1040 3721 ΗΕ
1050 3681 1059 3714 1
1069 3683 1081 3717 s
1091 3682 1107 3723 r
1118 3681 1180 3725 Eut,
1203 3670 1307 3735 Chirurg.
1324 3685 1346 3728 p.
1364 3683 1415 3734 5235

455 3733 472 3769 t.
523 3733 587 3771 vus
601 3740 624 3787 p.
640 3741 694 3774 aaz.
1112 3737 1114 3741 ’

316 3976 332 4007 -;
398 3979 405 3990 ψ,
437 3938 489 3997 Illa
509 3940 580 3997 enim
602 3936 756 4016 sequentem
785 3940 813 3995 in
835 3941 946 3998 modurn
966 3961 982 3999 a
1004 3942 1132 4020 chirurgo
1159 3944 1285 4003 adornari
1306 3945 1416 4004 debet:

397 4022 509 4097 quando
529 4021 670 4097 chirurgus
691 4021 725 4078 de
746 4020 834 4078 morbi
856 4038 971 4091 natura,
992 4020 1085 4099 sepius
1108 4024 1181 4081 sassa
1201 4028 1417 4103 exploratione,

397 4103 496 4159 certior
517 4100 604 4159 factus
625 4102 692 4169 est,
722 4102 756 4159 ad
777 4102 911 4178 reliquum
941 4106 1062 4179 corporis
1082 4106 1205 4164 habitunt
1224 4111 1256 4165 itt
1276 4128 1348 4186 aegto
1374 4128 1418 4164 re-v

397 4178 497 4257 spicere
517 4183 623 4240 debet.
644 4184 705 4257 Qi
725 4183 798 4240 enim
820 4186 921 4242 morbis
944 4180 1035 4243 setosis
1056 4188 1191 4263 inquinati
1211 4187 1295 4258 sunt,
1317 4190 1351 4247 ab
1372 4191 1417 4247 his

398 4265 474 4338 prius
494 4262 671 4331 liberentur,
698 4261 797 4321 necesse
817 4265 881 4333 est,
908 4268 974 4341 quia
1004 4268 1087 4323 iniis
1110 4269 1198 4328 ulcera
1227 4276 1253 4328 &
1275 4272 1417 4340 vulnera,

399 4360 508 4418 propter
528 4345 672 4415 humorum
694 4346 795 4400 acrium
816 4348 844 4399 dc
872 4344 1038 4403 saniosotunt
1060 4347 1190 4407 effluxum
1218 4350 1355 4410 difficilius
1375 4350 1418 4412 sa-

400 4441 514 4480 nantur.
536 4427 624 4480 AEtate
644 4426 846 4498 proveheret,
864 4424 1004 4494 infantes,
1024 4432 1050 4483 dt
1072 4431 1125 4505 qui
1142 4450 1254 4508 corpore
1276 4435 1353 4491 valde
1375 4437 1419 4494 iu-

398 4503 477 4562 fitmo
497 4502 658 4561 &sensibili
679 4506 784 4579 praediti
805 4502 885 4574 sunt,
903 4507 957 4565 hoc
978 4509 1073 4565 auxilii
1093 4529 1179 4586 genus
1201 4533 1254 4571 nou
1273 4514 1352 4573 facile
1373 4514 1419 4576 su·

398 4585 521 4641 stinent.
550 4586 797 4643 Plethoricisvvena
826 4588 969 4645 incidenda
997 4590 1034 4645 est
1061 4591 1231 4668 aliquoties,
1262 4597 1304 4652 vel
1325 4595 1344 4652 st
1365 4617 1420 4655 una
1478 4641 1480 4644 ψ

399 4663 493 4723 saltent
514 4663 596 4724 sectio
615 4666 781 4735 celebretur,
801 4668 850 4725 illa
870 4670 971 4747 largior
992 4668 1059 4740 esse,
1079 4677 1106 4729 dc
1127 4676 1185 4750 post
1210 4674 1301 4735 fistulae
1322 4674 1419 4736 sedio-

310 4762 314 4778 2
400 4765 466 4820 nem
483 4748 575 4803 iterari
596 4748 704 4805 debet.
735 4749 952 4809 Robustioribus·
965 4752 1043 4811 alvus
1062 4755 1145 4830 paulo
1166 4758 1310 4815 valentiori
1333 4760 1419 4817 rnedi-

385 4844 525 4885 2carncnto
544 4827 666 4886 ducenda
686 4832 741 4898 est,
762 4830 865 4908 vesperi
887 4853 951 4892 vero
972 4853 1033 4893 ante
1054 4837 1243 4915 chirurgiam,
1264 4839 1354 4899 rursus
1376 4844 1420 4899 in·
1484 4843 1486 4845 ’

399 4909 495 4965 testina
516 4906 643 4983 clysmate
662 4931 679 4967 a
701 4910 804 4970 fecibus
834 4932 1036 4993 repurgenturs
1065 4917 1100 4975 de
1121 4923 1227 4998 reliquo
1258 4942 1326 4999 aeger
1346 4926 1420 4999 opti-

400 5008 447 5050 tno
467 4990 556 5057 cibo,
585 4990 702 5049 faciliori
722 5010 813 5056 tamen
834 4997 869 5055 ad
891 4998 1138 5074 concoquendum,
1169 5005 1304 5061 nutriatur
1323 5025 1343 5064 :⁴
1359 5007 1421 5064 Nec

400 5087 505 5137 notet,
534 5069 635 5131 sinor
655 5090 716 5131 ante
735 5094 818 5151 quarn
849 5076 905 5153 ipsa
926 5076 1009 5137 seciio
1029 5079 1086 5149 fit,
1115 5082 1210 5161 aliquo
1230 5086 1356 5145 cardiaco
1376 5089 1420 5145 vel

400 5152 498 5209 haustu
519 5152 574 5207 vini
594 5154 711 5233 generosi
733 5158 870 5215 muniatur
889 5191 897 5214 ,·
927 5161 1069 5223 Collocari
1088 5162 1169 5227 debet
1198 5167 1228 5222 in
1249 5163 1311 5225 sella
1332 5170 1422 5227 mino-

402 5234 454 5300 ri,
484 5234 525 5292 ita
544 5232 701 5312 utydorsuut
721 5242 748 5295 dc
779 5257 859 5313 caput
879 5242 1103 5318 veli-crepidine,
1132 5246 1175 5307 vel
1196 5245 1300 5306 famulo
1320 5248 1421 5314 fortio«,

402 5314 426 5369 ri
448 5311 622 5372 sustineatur.
643 5321 742 5377 Manus
763 5336 780 5376 a
800 5320 911 5394 famulis
932 5324 1099 5391 adstantibus
1120 5330 1257 5406 utrimque
1275 5330 1422 5391 cohibean-

322 5451 324 5453 .
402 5410 462 5460 tur5
482 5413 516 5451 ne
536 5396 700 5479 impedienti
721 5401 863 5479 chirurgus
885 5423 969 5473 vero,
990 5407 1019 5466 in
1039 5405 1102 5465 sella
1122 5410 1205 5484 paulo
1225 5412 1350 5480 elatiori,
1372 5430 1421 5469 an·

403 5490 430 5536 te
449 5493 569 5557 aegrum,
587 5480 763 5551 constitutus,
782 5483 908 5561 genubus
929 5484 984 5549 suis
1005 5492 1068 5569 aegti
1077 5492 1158 5569 pedes
1178 5496 1332 5561 contineat,
1351 5511 1420 5571 qua-
