4667 6609
464 2572 665 2620 eruerant
683 2568 723 2605 ar
741 2564 960 2608 sarracenus.
1197 2528 1246 2599 32¹5!ss
1283 2585 1285 2589 s

211 2668 328 2726 hominis
347 2663 492 2723 habitioris
513 2648 685 2733 atqueobesr
708 2688 720 2714 2
747 2644 827 2701 nullae
849 2643 907 2698 aliae
936 2652 1006 2695 notae
1027 2630 1112 2697 sunt,
1142 2643 1228 2705 quam

211 2750 290 2809 dolor
319 2766 354 2809 act
377 2744 491 2803 febris.
519 2739 602 2794 Cutis
624 2733 703 2791 ‚enim
731 2742 786 2782 non
811 2747 821 2790 ,
850 2721 897 2778 nifi
925 2716 981 2776 sub,
1003 2714 1116 2795 linem,
1145 2708 1242 2767 tube-2vr

212 2831 379 2900 reincipit,
406 2825 452 2881 ubi
473 2823 528 2891 jam
548 2818 636 2873 omnis
665 2828 728 2867 caro
748 2819 876 2879 corrupta
897 2838 918 2867 ‚·
937 2805 963 2857 δι
985 2798 1027 2855 κά,
1042 2796 1138 2853 ultima
1159 2808 1231 2851 ven-

211 2926 269 2965 tum
288 2908 342 2963 est.
982 2932 983 2935 η

285 2991 287 3039 ἰ
658 2980 684 3038 s·
708 2990 787 3041 179»

293 3069 395 3123 Genere
424 3059 504 3114 etiam
534 3053 597 3112 vitii
628 3056 655 3108 &
685 3053 790 3108 ratione
820 3045 970 3103 curationis
1000 3040 1115 3097 multum
1146 3035 1229 3093 distat

211 3162 373 3223 gangrena,
393 3158 451 3213 quat
472 3154 527 3191 non
547 3153 563 3191 a
582 3134 613 3191 vi
632 3133 694 3187 vitae
715 3133 794 3187 aubia
816 3168 826 3195 ,
847 3124 892 3183 sed
913 3144 929 3181 a
950 3124 1051 3181 virium
1071 3118 1228 3175 defessione

212 3230 241 3282 in
260 3222 336 3280 valde
357 3217 469 3274 infirmis
490 3218 603 3274 oritur.
630 3215 691 3269 Hoc
712 3230 777 3268 vero
808 3207 907 3264 accidit
939 3202 1072 3263 senibus,
1102 3215 1228 3254 necnon

211 3308 271 3370 iis,
291 3318 406 3378 quorum
426 3294 496 3353 succi
518 3297 603 3361 aliis,
623 3289 762 3370 longisque
783 3290 912 3353 morbis,
934 3282 1005 3340 malo
1026 3279 1102 3336 victu
1117 3299 1136 3360 *a
1155 3317 1165 3343 ,
1185 3277 1232 3330 ni·

212 3385 266 3439 mia
281 3400 382 3440 evenere
402 3420 411 3447 ,
431 3376 550 3451 corrupti
571 3372 646 3439 sunt,
667 3376 695 3429 in
715 3389 835 3449 quorum
853 3365 959 3426 vitiofis
982 3405 992 3432 ,
1013 3358 1165 3424 invalidis,
1186 3351 1230 3413 es-

213 3460 339 3539 soetisque
360 3457 540 3535 corporibus,
560 3474 594 3511 ex
613 3455 729 3527 parvula
746 3450 812 3527 saepe
833 3446 931 3515 causa,
951 3448 1009 3510 ira,
1030 3459 1154 3505 terrore,
1177 3435 1230 3493 fri-

212 3563 302 3621 gore,
323 3541 422 3598 malum
441 3541 554 3595 oritur.
584 3534 682 3608 Incipit
702 3552 767 3596 vero
789 3533 842 3587 boc
862 3530 1020 3605 plerumque
1042 3523 1078 3577 ab
1099 3519 1230 3577 extremis

213 3624 323 3680 artubus
352 3622 503 3697 pedumque
531 3616 648 3691 digitis;
679 3618 757 3690 AEger
785 3610 834 3667 sibi
864 3610 937 3664 reeie
967 3604 1056 3662 valere
1085 3597 1161 3657 visus
1182 3600 1232 3651 vix

211 3700 387 3779 quicquam,
412 3717 506 3775 praeter
527 3694 664 3755 insolitum
689 3710 826 3768 torporem
849 3686 959 3753 sentit,
987 3688 1014 3740 &
1035 3680 1146 3736 tandem
1167 3695 1235 3733 con·

213 3782 321 3857 spiritur
349 3781 434 3839 livida
461 3780 566 3836 macula
583 3795 680 3851 ,quat
708 3772 873 3852 pedetentim
902 3760 1055 3824 increscit.
1087 3763 1152 3817 Haec
1180 3756 1234 3812 stne

214 3861 287 3920 sensu
308 3863 371 3929 est,
400 3866 426 3918 &
447 3855 535 3918 totum
555 3858 704 3914 membrum
730 3854 783 3910 fine
804 3850 920 3909 notabili
947 3862 1054 3903 tumore
1075 3846 1103 3898 δι
1125 3842 1235 3897 iollam<

215 3945 347 4000 mationes
368 3944 490 4015 proxima
510 3955 601 3994 tamen
620 3938 707 4000 cutis,
727 3953 786 4010 quae
807 3934 907 3989 vitium
924 3942 1064 4001 receptura
1085 3923 1142 3988 est,
1162 3935 1233 3995 pau*¹

215 4023 298 4078 lulum
318 4020 422 4086 rubet,
451 4018 610 4090 molliorque
630 4016 748 4079 existit,
775 4031 859 4086 quam
879 4007 932 4066 else
952 4005 1113 4063 naturaliter
1134 3999 1202 4058 solet
1225 4042 1233 4054 .

216 4102 320 4157 Interea
340 4101 437 4155 vitium
456 4096 535 4152 tarde
555 4093 636 4169 serpit
656 4097 684 4149 δι
703 4093 749 4151 vix
771 4092 844 4146 intra
865 4089 971 4163 aliquot
992 4081 1179 4142 hebdomadas
1199 4099 1234 4137 ex

215 4181 281 4254 pede
302 4179 336 4234 ad
357 4178 451 4230 tibiam
470 4175 609 4245 pervenit;
631 4172 693 4225 Ubi
714 4187 782 4224 vero
802 4170 862 4223 loca
883 4164 994 4221 carnosa
1014 4172 1153 4235 oecupat,
1172 4179 1233 4235 quae

216 4260 300 4330 magis
319 4250 466 4327 putrescere
495 4247 631 4321 possunt,
657 4246 769 4301 celerius
798 4244 923 4318 procedit
947 4286 954 4297 .
985 4243 1069 4295 Putre
1100 4239 1177 4296 uleus
1199 4240 1237 4299 ab

216 4336 293 4389 initio
313 4330 452 4388 humidum
472 4327 510 4383 est
528 4368 536 4394 ,
556 4326 614 4401 post
634 4329 744 4401 nigrum
763 4328 791 4380 δι
813 4323 946 4387 aridum,
967 4321 1067 4376 humor
1088 4336 1156 4377 vero
1185 4322 1236 4394 qui

213 4430 298 4470 ereo
319 4409 430 4476 fertur,
458 4408 570 4464 mali&
596 4403 747 4463 cadaverosr
773 4403 868 4462 odoris
889 4448 896 4459 .
928 4400 1074 4476 Specillum
1101 4400 1146 4457 vel
1166 4397 1236 4458 scal-

213 4491 298 4568 pellus
327 4489 379 4547 fine
407 4489 500 4547 dolore
529 4487 703 4545 demittitur.
733 4488 837 4540 Totum
866 4482 977 4539 tandem
1007 4480 1176 4543 membrum
1190 4485 1237 4539 ni-

214 4590 318 4647 grum,
343 4570 449 4626 aridum
470 4566 527 4632 fit,
556 4583 649 4621 carnes
671 4564 770 4628 durae,
802 4562 926 4621 friabiles
948 4566 975 4617 bc
996 4560 1140 4618 insumatis
1161 4560 1237 4623 fimi-

215 4653 283 4709 less
313 4656 380 4725 aeger
400 4651 445 4703 'viu
466 4646 501 4702 de
520 4644 614 4701 dolore
641 4644 846 4719 conqueritur,
879 4640 925 4700 sed
947 4642 980 4697 de
1001 4641 1176 4707 debilitate,
1202 4647 1236 4701 ,δι

215 4731 334 4787 erebrius
365 4729 467 4784 animo
484 4726 645 4801 linquitur.
672 4726 889 4799 Nonnumquam
921 4740 1012 4779 tamen
1043 4719 1235 4797 superveniens

217 4809 347 4867 febricula
375 4803 455 4863 efficit
474 4845 487 4871 ,
510 4824 542 4862 ut
571 4804 671 4860 malum
698 4805 810 4860 celerius
832 4801 959 4879 serpat,
987 4801 1062 4869 vel,
1092 4821 1124 4860 ut
1149 4803 1237 4862 confi·

216 4891 267 4945 stat
287 4904 361 4946 moto
381 4905 445 4962 pure
465 4887 535 4941 inter
555 4884 654 4962 illud,
681 4884 755 4963 quod
776 4887 872 4942 vivum
903 4884 968 4950 est,
998 4888 1026 4941 δι
1046 4884 1124 4960 quod
1144 4905 1237 4944 emor..

218 4988 313 5027 tuum.
775 4994 778 4997 ,

247 5103 261 5132 ⁰
275 5086 352 5134 &⁶²10
366 5095 509 5143 minutum,
531 5085 590 5142 quod
605 5086 666 5144 apud
681 5101 722 5134 nos
736 5086 875 5145 graviffimas
889 5086 915 5135 &
931 5083 1035 5133 funestas
1057 5098 1185 5134 nervorum
1198 5086 1237 5134 ai.

219 5143 341 5191 stensrones
355 5143 427 5191 adfert
441 5178 449 5201 ,
463 5142 490 5189 in
505 5143 587 5190 Galliis
601 5144 689 5194 lentam
705 5145 784 5193 attulit
800 5160 947 5206 gangrenam
953 5178 961 5197 ‚·
979 5144 1037 5195 Vid.
1054 5147 1087 5193 H.
1103 5149 1135 5193 A·
1152 5149 1182 5194 R.
1197 5151 1237 5195 Sc.

220 5204 411 5261 nnnocIaIa
428 5213 542 5260 comp.
564 5204 601 5250 80.

223 5314 225 5316 ·
246 5345 247 5348 Ἴ
324 5338 326 5340 ,
658 5292 698 5350 ὃ,
716 5284 780 5341 180.

228 5414 230 5416 ,
260 5362 369 5439 FrIgore
386 5378 477 5457 autem
497 5360 516 5417 fi
536 5360 680 5422 densantur
701 5365 827 5424 humores
857 5366 886 5423 in
906 5365 1014 5443 aliqua
1030 5364 1154 5443 corporis
1176 5369 1254 5436 vivi

220 5459 323 5514 parte,
352 5461 475 5503 oriuntur
495 5460 613 5503 tumores
635 5486 644 5513 ,
666 5446 707 5503 ‘ab
728 5449 813 5506 initio>
836 5448 983 5505 albicantes
1004 5490 1014 5516 ,
1044 5468 1109 5507 mor
1135 5450 1236 5515 rubenf

218 5541 259 5579 res
280 5563 289 5591 ,
309 5542 364 5583 non
384 5540 439 5584 tam
459 5528 633 5608 cumdolore
654 5568 663 5597 ,
684 5548 766 5607 quam
787 5530 955 5590 intolerabili
975 5517 1109 5611 pruritu.
1128 5515 1238 5591 Hitu1
