4667 6609
591 2490 609 2527 v
642 2494 662 2528 n
696 2490 711 2525 i
747 2492 767 2526 u
800 2494 819 2529 u
851 2496 878 2529 s.
1202 2488 1249 2533 ¹22

669 2580 694 2636 ς.
724 2578 791 2643 360.
1113 2623 1116 2627 .

263 2644 341 2705 Num
360 2648 569 2713 autem‘vulnus
597 2654 671 2705 intra
697 2669 790 2709 carnes
812 2650 943 2719 desierit,
969 2673 1035 2729 num
1060 2655 1098 2711 ad
1119 2652 1253 2711 interiora

222 2724 335 2801 ipsaque
355 2728 458 2787 viscera
488 2731 669 2805 pervenerit,
697 2733 723 2784 &
744 2732 813 2806 quid
834 2735 908 2789 intus
936 2732 1025 2791 laesum
1047 2733 1105 2801 sit,
1137 2738 1160 2793 is
1181 2732 1251 2793 scire

223 2806 384 2881 potissimum
403 2811 512 2885 potest,
534 2811 599 2883 qui,
620 2806 707 2863 incisis
727 2813 919 2884 corporibus,
940 2815 1106 2884 internarum
1128 2821 1253 2892 partium

223 2886 365 2960 pomum,
395 2888 609 2963 magnitudinem
638 2903 720 2961 atque
749 2890 874 2948 ordinem
894 2889 1030 2967 perspecla
1051 2896 1163 2953 haben
1194 2900 1250 2955 His

224 2972 340 3045 cognitis
362 2970 415 3025 alia
434 2966 582 3041 quaedam,
602 2964 622 3019 si
645 2963 703 3021 fieri
724 2970 829 3041 potest,
845 2970 978 3029 noscenda
999 2972 1058 3031 sunt
1077 2997 1085 3033 ε
1107 2979 1248 3053 quomodo

224 3067 258 3104 eo
278 3052 407 3124 temporis
428 3062 568 3101 momento
585 3063 672 3121 ,quo
693 3045 776 3111 homo
797 3050 933 3125 perculsus
955 3054 1007 3112 suit
1025 3094 1035 3121 ,
1056 3072 1170 3129 uterque
1193 3060 1252 3115 col-

224 3128 329 3185 locatus
353 3127 431 3190 fuit,
452 3128 479 3179 δι
501 3126 525 3180 is
555 3128 603 3203 qui
622 3126 723 3186 vulnus
745 3133 849 3205 accepit
867 3173 877 3199 ,
897 3137 925 3188 &
947 3135 1015 3189 alter
1043 3136 1092 3207 qui
1114 3134 1182 3191 illud
1200 3141 1253 3192 im-

218 3206 335 3283 pressit-3
357 3205 447 3282 qualis
469 3200 526 3261 suit
542 3207 650 3283 gladius
668 3251 678 3278 ,
699 3209 742 3267 vel
763 3212 844 3289 quale
872 3213 988 3281 telum,
1018 3229 1066 3269 aut
1098 3214 1174 3271 aliud
1203 3235 1259 3291 quo

221 3290 307 3346 homo
327 3284 460 3363 perculsus
481 3289 546 3347 ests
575 3308 677 3365 quanta
695 3296 725 3350 vi
745 3297 847 3370 &qua
871 3297 977 3353 rarione
996 3293 1066 3351 illud
1089 3295 1219 3353 adadum
1241 3338 1250 3363 ,

222 3367 386 3436 immissum,
406 3368 448 3426 vel
463 3371 614 3445 projesium
630 3370 701 3427 suit.
723 3376 794 3449 Quat
811 3379 904 3434 omnia
926 3378 962 3435 ad
980 3376 1100 3434 vulneris
1120 3396 1249 3435 naturam

222 3448 431 3527 pernoscendam
447 3452 594 3528 plurimum
613 3450 734 3513 faciunt.

587 3575 590 3578 -
672 3533 698 3601 §ss
728 3541 795 3606 361.
1127 3594 1129 3596 .

264 3614 342 3689 Qua
362 3616 472 3680 eiiam,
502 3616 522 3669 si
542 3614 644 3673 viscera
665 3617 830 3693 internaeque
851 3635 942 3693 partes
962 3617 1086 3695 percussa
1111 3616 1221 3676 suerunt
1243 3660 1253 3687 ‚

219 3713 314 3752 earum
336 3692 442 3750 fundio
463 3696 587 3764 laeditur,
608 3717 642 3753 ex
663 3698 706 3753 his
727 3701 811 3757 eciam
829 3697 1039 3775 sympnorian,
1060 3699 1175 3766 dolore)
1198 3702 1254 3757 stu-

221 3794 303 3851 pore,
322 3775 457 3851 paralysi,
478 3782 605 3844 vomitu,
623 3778 758 3855 singultu,
776 3782 971 3849 convulsione,
992 3779 1059 3839 scire
1078 3782 1161 3846 licet,
1185 3783 1255 3858 qnid

221 3858 295 3915 intus
314 3857 485 3915 vulneratum
502 3859 551 3916 sit.
573 3860 650 3917 Idem
668 3863 751 3918 eiiam
771 3862 905 3940 fignificat
924 3864 1042 3933 humor,
1065 3866 1117 3939 qui
1134 3883 1182 3939 per
1196 3863 1258 3920 vul-

222 3957 272 3997 nus
293 3936 420 3997 effertuii
670 3998 673 4001 .

667 4034 695 4091 §-
723 4029 793 4098 362:
916 4098 918 4101 ι
991 4078 993 4080 ,

265 4104 343 4180 Qud
364 4122 432 4161 vero
452 4105 487 4159 de
509 4106 668 4165 vulneribus
692 4105 870 4162 metuendum
892 4103 1108 4179 sperandumque
1129 4108 1181 4170 sic,
1198 4112 1259 4173 dc,

223 4204 288 4242 num
303 4186 408 4242 'vulnus
430 4184 604 4239 mortiferum
628 4223 639 4249 ,
661 4203 727 4240 nuni
747 4181 927 4250 insanabile,
957 4203 1023 4241 num
1044 4181 1259 4251 difficiliorem,

222 4286 288 4322 num
317 4264 528 4339 promptiorem
546 4265 718 4321 curationem
749 4263 852 4320 habeat
867 4302 879 4331 v,
908 4282 971 4321 ante
1001 4268 1095 4321 omnia
1116 4263 1183 4321 scire
1206 4285 1263 4321 tne-

223 4347 316 4403 dicum
337 4344 430 4401 decet.
451 4347 534 4401 Nota
555 4365 622 4404 vero
643 4365 679 4403 ex
700 4345 789 4403 tribus
812 4346 895 4403 rebus
915 4345 1080 4422 potissimum
1101 4364 1232 4423 petuntur
1251 4389 1262 4414 ‚

222 4449 256 4485 ex
277 4445 375 4485 natura
396 4429 538 4493 vulneris5
559 4449 593 4485 ex
616 4445 717 4484 natura
737 4425 863 4500 percussae
882 4431 988 4500 partis,
1009 4433 1036 4483 dc
1057 4448 1124 4485 num
1145 4430 1204 4486 haec
1227 4430 1262 4484 ad

224 4512 310 4567 vitam
330 4506 439 4582 prorsus
461 4506 604 4565 necessaria
625 4506 657 4560 fii
678 4547 687 4573 ,
705 4510 744 4562 ’ἃ
764 4524 800 4561 ex
821 4503 880 4581 ipsa
911 4509 1053 4563 curatione
1075 4547 1086 4573 ,
1105 4514 1182 4564 'num
1204 4509 1262 4565 haec

225 4593 255 4649 in
274 4590 383 4648 vulnere
404 4589 495 4645 locum
510 4597 512 4601 ’
525 4586 644 4644 invenire
665 4604 778 4662 queat.
811 4588 994 4645 Curationem
1023 4591 1109 4645 etiam
1128 4609 1193 4647 nonv
1206 4589 1257 4645 ad-

218 4667 337 4733 mittunt
355 4670 501 4734 laesiones,
521 4688 581 4744 quae
603 4665 726 4744 dignosci
759 4686 923 4743 nequeunt.
955 4670 1014 4729 His
1035 4670 1109 4726 enim
1130 4669 1187 4727 sere
1209 4670 1266 4727 ab-'

226 4754 342 4812 solvitur
363 4752 410 4807 illa
431 4773 446 4805 a
466 4751 610 4807 Medicinae
642 4748 752 4807 sorensis
783 4768 873 4823 pars,
903 4769 964 4827 qua
984 4750 1019 4806 de
1039 4750 1200 4809 vulneribus
1221 4751 1261 4809 le·

225 4836 349 4893 thalibus
370 4832 530 4908 pronunciat

255 4978 269 5007 a
277 4964 288 5015 )
302 4965 331 5007 ln
346 4959 464 5006 medicina
478 4958 561 5004 forensi
576 4959 700 5007 vulnerum
714 4959 782 5009 titulo
797 4957 875 5016 plures
889 4959 942 5007 aliae
956 4958 1075 5019 laesiones,
1089 4961 1201 5012 calvatiae
1221 4964 1258 5011 os-

225 5021 332 5080 siumque
348 5016 451 5065 fultura
466 5015 707 5075 comprehenduntur.

275 5161 385 5221 Vulnus
406 5162 490 5237 igitur
512 5160 612 5218 lethale
634 5161 761 5229 dicitur,
791 5182 850 5240 quo
871 5178 971 5240 corpus
996 5163 1180 5232 actionibus,
1200 5167 1266 5242 qui-

228 5246 282 5303 bus
305 5245 363 5301 vita
385 5245 539 5301 continetur
559 5285 568 5311 ,
588 5247 741 5320 privatur.
772 5244 801 5300 Si
822 5248 916 5324 itaque
937 5242 1087 5322 perculsum
1108 5245 1163 5304 fuit
1184 5251 1232 5305 cor
1253 5291 1264 5316 ,

229 5326 382 5392 auriculae,
404 5328 522 5399 majores
543 5328 666 5394 arteriae,
688 5323 732 5385 vel
753 5347 842 5396 venae,
863 5347 980 5406 quarum
1001 5328 1115 5385 vulnera
1135 5329 1265 5387 exhauri-

232 5429 260 5466 re
280 5409 422 5468 hominem
452 5407 605 5484 profusione
631 5406 769 5489 sanguinis
801 5409 936 5486 possunt,
968 5408 987 5465 si
1017 5411 1128 5468 trachea
1154 5415 1264 5489 penitus

229 5487 341 5555 abscissa
365 5490 422 5568 est,
443 5491 487 5553 vel
509 5491 730 5575 diaphragmatis
751 5494 867 5574 interior
888 5498 916 5551 δι
938 5494 1065 5552 tendinea
1085 5512 1150 5572 pars
1169 5494 1265 5561 vulne-⁴
