4667 6609
435 2566 482 2624 334
541 2610 545 2615 .
753 2549 1137 2600 ossrurruon‘tr.

434 2673 477 2718 te,
498 2666 594 2724 magna
614 2647 655 2700 vis
664 2644 738 2718 puris
759 2660 790 2696 ac
810 2635 894 2695 saniei
903 2634 1007 2695 foetidae
1027 2632 1101 2697 exit,
1122 2629 1224 2707 quibus
1245 2626 1381 2697 evocans,
1401 2637 1450 2692 de.

434 2729 507 2790 misso
529 2729 656 2806 specillo,
675 2743 708 2783 os
729 2721 859 2779 nudatum
880 2721 1059 2792 vitiatumque
1079 2714 1197 2772 occurrit
1217 2710 1347 2784 (1047.)

878 2810 904 2867 ὃ,
928 2799 1013 2855 1068.

474 2897 550 2952 Cum
571 2910 634 2949 vero
655 2890 697 2945 his
718 2882 810 2944 ollium
832 2884 909 2940 vitiis
930 2881 1049 2939 crebrius
1070 2876 1125 2941 hac
1142 2893 1217 2933 aetate
1236 2872 1379 2930 rhacltitic'i
1400 2873 1452 2930 ob-

433 2979 511 3036 noxii
531 2976 580 3032 sint
598 3013 607 3040 ,
628 2966 799 3030 necessarium
815 2966 948 3031 videtur,
968 2964 1020 3018 hoc
1041 2960 1131 3015 dirum
1153 2956 1316 3015 valetudinis
1337 2948 1421 3031 genus
1442 2994 1451 3024 ,

435 3056 544 3135 ejusque
565 3055 768 3131 proprietates,
788 3045 881 3104 causas
892 3087 901 3115 ,
913 3045 1000 3100 initia
1017 3082 1027 3109 ,
1047 3058 1129 3115 atque
1148 3035 1330 3102 deceffiones,
1350 3034 1421 3091 nolle
1443 3078 1450 3091 .

433 3144 495 3199 Hoc
515 3141 581 3195 uero
601 3133 719 3192 infantes
740 3127 899 3207 potissimum
910 3123 1024 3201 affligit,
1045 3122 1146 3198 quibus
1167 3122 1196 3178 id
1218 3115 1322 3176 asexto
1334 3116 1453 3185 'circiter
1490 3169 1492 3173 .

363 3282 366 3288 ,
435 3222 494 3300 post
509 3209 684 3287 nativitatem
706 3209 793 3270 mense
813 3212 880 3268 oriri
902 3205 986 3265 solet.
1010 3206 1084 3261 Raro
1104 3204 1175 3260 enim
1197 3201 1225 3258 id
1247 3204 1276 3257 in
1296 3217 1364 3270 eos,
1384 3214 1455 3273 quo-

436 3292 499 3360 rum
519 3299 675 3367 aetasi‘ultra
694 3296 835 3357 alterum,
864 3291 1008 3345 tertiumve
1039 3304 1139 3343 annum
1160 3280 1305 3362 proceffit,
1327 3279 1455 3353 *incidere

435 3381 516 3441 soler.
539 3382 648 3453 Corpus
668 3395 722 3432 non
731 3376 831 3437 alitur,
853 3368 915 3435 sed,
936 3367 1039 3425 summa
1060 3369 1146 3424 macie
1168 3383 1248 3431 orta,
1270 3358 1455 3423 cutiscarnes-

350 3524 353 3527 ,
435 3483 488 3537 que
509 3458 637 3517 deficiunt
657 3473 739 3533 atque
759 3449 961 3518 emacrescunt,
981 3466 1074 3507 venter
1096 3449 1213 3505 multum
1233 3440 1407 3509 intumescit,
1428 3446 1455 3499 δι

435 3543 525 3619 digito
545 3541 669 3598 renititur
687 3532 779 3614 „Ossa
799 3530 970 3610 augescunt,
989 3536 1016 3588 δι
1036 3532 1168 3607 praecipue
1186 3523 1331 3604 epiphyses
1341 3565 1350 3593 ,
1372 3531 1455 3600 prope

437 3623 585 3689 articulos,
604 3616 809 3677 tumidaefiunt.
832 3616 913 3671 Pueri
934 3615 1016 3670 etiam
1027 3613 1176 3669 adultiores
1199 3610 1265 3682 facti
1286 3603 1385 3686 gressus
1397 3625 1457 3664 mo-

437 3725 501 3764 vere
522 3720 630 3780 propter
651 3698 781 3758 summam
802 3696 1017 3754 imbecillitatem
1038 3713 1101 3751 non*
1112 3689 1233 3769 possunt,
1254 3691 1354 3767 quibus
1372 3689 1456 3747 etiam

437 3788 531 3845 dentes
553 3782 636 3841 serius
658 3778 821 3844 nascuntur,
844 3798 906 3835 mox
927 3778 997 3851 nigri
1018 3773 1112 3843 fiunt,
1133 3775 1226 3830 labant
1243 3812 1253 3839 ,
1269 3771 1428 3845 caduntque
1451 3812 1459 3824 .

436 3871 488 3924 His
509 3885 574 3922 vero
594 3862 684 3940 pucr'is
702 3902 710 3926 ,
731 3879 779 3934 pro
802 3859 884 3915 modo
905 3858 991 3912 aetatis
1012 3895 1021 3920 ,
1051 3858 1137 3923 major
1160 3855 1261 3927 ingenii
1283 3854 1352 3911 acies
1375 3868 1459 3926 atque

436 3947 563 4004 docilitas
583 3940 634 4001 effe
656 3938 739 3998 soler.
761 3938 817 3996 Ubi
827 3935 988 4012 procedente
1010 3950 1086 3991 aetate
1101 3931 1288 4002 adolescunt,
1295 3950 1459 4009 parumcre-

437 4025 486 4084 scit
507 4045 619 4103 corpus,
640 4022 756 4080 multum
775 4037 866 4077 autem
887 4035 983 4094 caputs
1005 4019 1032 4073 &
1052 4016 1176 4073 calvaria
1197 4012 1294 4073 sutura
1312 4054 1324 4082 ,›
1342 4013 1458 4071 multum

436 4110 508 4182 inter
529 4105 555 4166 se
575 4107 708 4171 didudae,
729 4108 788 4159 lero
809 4104 1029 4158 committuntur.
1051 4100 1149 4156 Pectus
1166 4118 1181 4154 a
1203 4098 1287 4155 latere
1308 4094 1460 4173 depressum

437 4192 467 4247 in
487 4192 604 4267 priorem
624 4203 728 4263 partem
741 4185 892 4259 prominet,
913 4187 939 4239 ἃ
960 4180 1034 4257 quast
1049 4183 1231 4239 acuminatum
1251 4183 1460 4255 carinarumque

439 4272 581 4328 redditur.
603 4271 696 4324 Etiam
714 4267 849 4322 *costarum
870 4281 988 4320 extrema
997 4259 1192 4328 intumescunt,
1213 4267 1239 4319 δι
1262 4262 1296 4318 iis
1318 4260 1460 4319 tubercula

441 4353 511 4409 dura
532 4346 718 4408 innascuntur.
740 4346 826 4421 Qtod
848 4343 865 4399 st
888 4360 975 4401 autern
996 4342 1055 4417 plus
1077 4344 1144 4398 mali
1164 4344 1219 4408 est,
1239 4347 1267 4399 bc
1289 4344 1386 4401 morbo
1409 4362 1462 4399 non

442 4435 512 4489 inter
533 4432 610 4488 initia
630 4429 799 4491 occurritur,
820 4427 946 4482 oriuntur
968 4423 1082 4480 aliorum
1105 4424 1461 4499 membrorumpravitates.

442 4516 576 4587 Praecipue
598 4525 688 4565 autem
709 4504 784 4582 spina
804 4506 1008 4580 distorquetur,
1029 4508 1056 4559 ἃ
1077 4505 1105 4558 in
1127 4501 1208 4561 dorso
1228 4498 1345 4580 gibbera
1366 4504 1464 4575 fiunt,

439 4594 514 4655 tibiae
536 4596 709 4649 incurvantur
730 4608 760 4645 ac
781 4590 809 4643 in
832 4590 967 4643 anteriora
988 4586 1182 4659 projiciuntur.
1206 4586 1330 4642 Tandem
1347 4587 1465 4654 vitium,

439 4675 516 4751 quod
537 4677 566 4731 in
586 4670 684 4730 ollibus
692 4671 748 4738 est,
769 4669 937 4735 intenditur,
957 4684 1017 4742 qua:
1038 4666 1126 4722 malus
1149 4667 1248 4723 humor
1259 4685 1357 4734 vorat,
1378 4674 1404 4725 dc
1419 4689 1467 4725 na-

440 4755 523 4815 scitur
544 4754 782 4833 paedarthrocace.
806 4749 921 4808 Accedit
941 4748 1014 4805 lenta
1036 4745 1120 4805 febris
1144 4790 1152 4815 ,
1174 4767 1234 4825 quae
1255 4746 1307 4806 fine
1329 4748 1467 4807 intermis-

440 4840 514 4898 none
535 4854 632 4911 corpus
653 4851 748 4902 tenet,
768 4852 824 4909 qua
845 4831 913 4889 illud
933 4831 1016 4906 longo
1037 4831 1134 4888 morbo
1156 4833 1285 4887 vitiatum
1308 4828 1466 4908 summaque

443 4921 723 4977 macie-extenuatum
743 4915 899 4991 perimitur.
920 4913 977 4971 Ubi
1000 4928 1089 4969 autem
1111 4914 1224 4969 morbus
1246 4932 1301 4969 non
1325 4931 1412 4971 morte
1433 4913 1466 4970 fi-

445 5000 538 5065 nitur,
560 5000 583 5054 is
603 5018 650 5074 per
670 4990 773 5056 aetatem
794 4997 919 5062 levatur,
939 4996 1114 5069 &praecipue
1125 5011 1245 5072 congruo
1267 4997 1466 5055 vidu&exer-

445 5081 589 5146 citatione,
609 5083 664 5151 ejus
686 5079 786 5136 indicia
808 5081 837 5135 in
859 5074 1071 5135 adolescentibus
1092 5076 1256 5152 pedetentim
1278 5080 1466 5136 minuuntur.

446 5160 548 5220 Offium
568 5161 753 5219 deformitates
774 5161 944 5237 aliquantum
964 5158 1047 5215 etiam
1068 5159 1245 5218 emendantur
1264 5199 1274 5225 ,
1295 5159 1314 5216 fi
1335 5180 1382 5236 per
1403 5180 1468 5219 aeta·

446 5259 501 5300 tem
522 5246 611 5299 nervis
631 5249 656 5301 &
678 5239 803 5300 musculis
824 5240 1050 5300 imbecillioribus
1071 5259 1102 5297 ac
1124 5238 1180 5301 lere
1206 5238 1396 5303 deficientibus
1418 5229 1468 5302 nn-

370 5342 372 5348 ·
446 5342 511 5383 vum
532 5325 618 5383 robur¹
633 5321 757 5383 accessit.v

597 5455 600 5457 ,
871 5416 917 5474 ‘§.
942 5412 1027 5463 106.
1328 5451 1329 5454 ,

454 5514 459 5519 ·
490 5488 524 5543 ln
545 5486 710 5562 corporibusv
723 5488 874 5546 rhacbitide
895 5424 1074 5547 extineldrum
1087 5489 1264 5549 invenIuntur
1285 5486 1469 5570 glandulaefe-

448 5589 477 5627 re
497 5586 618 5634 omneS,
648 5587 705 5644 quae
726 5571 922 5647 lymphatica,
945 5569 996 5628 ‘vel
1016 5571 1184 5649 conglobatae
1213 5592 1346 5632 vocantur
1365 5613 1374 5639 ,
1395 5571 1469 5629 durae

389 5667 391 5669 ’
444 5667 529 5732 arque
547 5671 583 5711 ex
604 5666 726 5712 concreta
745 5652 865 5734 quadam
876 5654 1000 5733 mater-ia
1019 5650 1183 5734 scirrhosa,
1209 5660 1342 5737 praecipue
1352 5655 1392 5714 -in
1413 5674 1468 5714 me-¹
