4667 6609
563 2588 940 2635 rnoeruerzuozr
983 2580 985 2583 ’
1213 2602 1264 2649 493

243 2687 310 2744 >cilio
331 2700 439 2760 quoquc
460 2683 497 2739 est
517 2681 661 2748 balneum,
682 2698 712 2737 ut
729 2683 813 2753 horno
830 2679 896 2755 sape
916 2684 944 2736 itt
966 2700 1037 2758 aqua
1058 2675 1263 2756 calidn‘suptr

243 2767 354 2833 herbas,
375 2784 433 2840 quae
454 2760 594 2818 molliendi
616 2761 673 2815 vim
694 2760 811 2826 habent,
833 2760 967 2832 desideat.
1205 2772 1207 2775 ’

272 2896 286 2924 a
302 2884 369 2925 Hanc
383 2872 479 2920 curandi
494 2872 558 2917 viam
573 2870 636 2928 prius
650 2870 760 2929 ingreffus
782 2870 828 2917 else
844 2872 937 2918 uidetur
951 2871 1083 2928 Medicus,
1105 2873 1171 2925 cuius
1185 2873 1261 2933 obser.

243 2944 340 2981 vationes
357 2940 469 2979 RIVERH
486 2930 588 2986 operibus
603 2928 691 2987 adirilae
701 2929 753 2987 sunt
769 2966 776 2986 ‚
802 2927 851 2987 obs.
866 2948 904 2976 22.
920 2941 941 2987 p.
957 2936 1009 2986 695.
1025 2932 1049 2975 Is
1064 2944 1118 2975 veto
1132 2930 1215 2977 bacillo
1228 2948 1259 2983 ex

241 2992 336 3053 plumbo
350 2990 404 3036 usus
418 2988 467 3044 est,
484 3002 529 3045 quo
544 2989 615 3033 urinae
631 2986 675 3033 iter
689 2988 811 3034 dilatavit.
830 2988 917 3035 Bacilla
933 2988 1038 3045 plumbea
1055 2986 1104 3033 illis
1118 2989 1190 3035 cereis
1205 3004 1261 3045 prae·

242 3053 287 3097 fert
304 3058 481 3095 astruemus
496 3061 515 3090 c.
532 3045 547 3089 l.
565 3047 614 3089 Lib.
623 3050 673 3088 111.
689 3054 712 3092 c.
726 3050 764 3090 IV.
778 3057 802 3103 p.
818 3061 870 3105 320.
886 3046 927 3103 qui
941 3046 1019 3104 iubet,
1034 3044 1062 3091 ab
1075 3045 1143 3092 initio
1157 3047 1262 3094 tenuiffi:

242 3124 295 3166 ma,
311 3122 364 3153 mox
380 3104 497 3165 pleniora,
511 3103 561 3151 oleo
575 3102 650 3163 illita,
666 3105 808 3161 immittere,
824 3104 850 3151 dt
868 3105 969 3152 serviam
982 3105 1085 3163 aperire.
1130 3115 1132 3118 ’
1262 3116 1264 3119 ’

691 3176 715 3231 §-
741 3168 826 3236 1338·
1163 3216 1165 3219 -

284 3252 350 3305 Sunt
370 3249 424 3304 alia
445 3247 596 3325 quadarn,
623 3266 681 3324 quae
703 3247 876 3321 prohibent,
897 3267 953 3325 quo
975 3249 1064 3307 minus
1086 3246 1164 3303 urina
1185 3243 1267 3302 reddi

242 3330 316 3409 polite
336 3375 342 3386 .
365 3330 397 3385 ld
419 3330 514 3386 incidit
535 3331 681 3405 gravidis>
702 3328 720 3384 fi
742 3331 816 3386 intus
839 3348 854 3385 a
875 3348 980 3405 partu,
1001 3331 1080 3384 aliter
1101 3329 1265 3395 collocem,

242 3415 324 3469 urina
344 3416 396 3469 iter
417 3413 619 3486 comprirnitur.
642 3413 678 3466 Et
700 3412 755 3468 haec
776 3430 820 3468 res
842 3411 917 3469 illam
939 3408 1106 3469 curationem
1119 3429 1168 3484 per
1189 3406 1266 3467 fistu-

242 3496 295 3549 lant
317 3510 470 3569 argenteam
492 3490 643 3548 defideret.
664 3494 725 3549 Nec
746 3489 855 3549 difficile
876 3494 919 3552 est,
935 3494 999 3549 huic
1019 3492 1089 3547 vitio
1111 3491 1212 3548 mederi
1234 3492 1264 3547 in

243 3575 333 3640 virir,
354 3572 373 3629 fi
394 3575 469 3630 aluus
486 3573 615 3635 ‚adstricta
637 3575 700 3640 est,
723 3579 750 3631 de
772 3576 877 3631 redium
899 3575 1011 3630 stercore
1031 3573 1110 3638 duro>
1123 3575 1232 3647 plenum
1255 3615 1263 3626 .

242 3656 381 3713 Interdum
404 3656 493 3730 magni
515 3655 659 3730 aeerbique
679 3656 807 3721 doloreS,
828 3656 930 3730 quibus
948 3656 969 3709 ii
979 3656 1183 3717 excruciantur,
1200 3656 1268 3727 qur,

241 3738 291 3793 bus
313 3735 525 3792 haemorrhoides
547 3756 580 3790 ex
601 3738 815 3791 inflammatione
837 3752 957 3800 tument,
978 3735 1102 3793 excitatis
1124 3731 1234 3807 spalmis
1256 3762 1268 3800 ,-

241 3820 323 3875 nrinee
345 3822 397 3873 iter
417 3816 601 3892 praecludunt.
623 3817 676 3871 His
697 3836 728 3872 ea
750 3816 851 3873 auxilia
872 3816 1067 3891 opitulantur,
1088 3833 1149 3889 quae
1168 3814 1268 3871 adver-

241 3896 285 3955 sus
306 3900 355 3955 hos
377 3915 497 3956 tumores
520 3897 586 3953 alibi
607 3895 748 3971 proposui.
771 3899 1002 3970 <1016.1017.)
1024 3898 1115 3953 Etiam
1137 3892 1267 3952 abscelsus

241 3979 310 4036 fiunt
331 3984 363 4035 'ex
385 3980 467 4034 variis
489 3978 590 4043 causis,
612 3980 640 4032 in
661 3981 778 4052 perinaeo
799 3983 825 4033 ἃ
848 3980 917 4035 circa
939 3997 1044 4049 anum,
1064 3996 1125 4049 cum
1144 3979 1272 4053 quibust,

243 4059 290 4115 nifi
312 4060 428 4116 vetustas
450 4055 601 4125 accesserit,
623 4078 736 4135 magnus
756 4058 838 4115 dolor
857 4056 1278 4135 gravisqueinflammatioeffe·

242 4137 323 4197 solet.
345 4148 433 4214 (991.
446 4138 579 4210 ad993.)
599 4136 687 4196 Casus
704 4138 823 4215 asperior
844 4142 899 4207 est,
920 4140 939 4195 -fi
961 4142 1027 4197 tales
1049 4138 1179 4197 abscessus
1190 4142 1267 4197 viam

244 4226 272 4277 in
293 4219 404 4279 veficant
424 4222 577 4295 reperiunt,
599 4239 628 4276 ut
643 4222 757 4277 multum
773 4240 824 4295 pus
849 4240 909 4277 curn
926 4223 1004 4277 urina
1026 4237 1121 4278 exeat.
1142 4224 1192 4278 His
1213 4241 1267 4297 pus

243 4302 412 4361 evocandum
433 4302 485 4367 est,
506 4299 655 4357 observatis
672 4302 798 4357 omnibus
817 4342 826 4367 ,
848 4320 907 4376 quae
924 4299 1004 4373 supra
1025 4308 1111 4375 (994.
1128 4303 1162 4358 ad
1181 4304 1268 4374 997.)

244 4386 374 4459 praecepi.
398 4385 588 4439 intereavero
607 4421 616 4447 ,
636 4382 655 4435 ii
673 4400 705 4435 ex
727 4383 810 4451 urinae
828 4378 988 4437 difficultate
1010 4382 1160 4457 perieulum
1178 4383 1270 4439 immi-

244 4485 306 4522 nere
321 4465 446 4530 viderur,
464 4463 546 4518 etiam
564 4459 651 4519 fistula
669 4480 794 4538 argentea
814 4462 939 4519 adhiberi
960 4464 1061 4538 potest.

380 4614 1130 4684 ruotrutrzuoz
1199 4612 1238 4617 ”

690 4794 714 4851 §-
739 4801 826 4855 1339»
1263 4836 1265 4838 -

287 4881 316 4935 Si
337 4894 402 4932 veto
424 4877 451 4931 in
473 4873 534 4939 hie,
556 4868 692 4948 aliisque,
713 4875 817 4931 caribus
840 4870 1012 4932 necessarium
1032 4874 1089 4942 est,
1110 4894 1191 4934 manu
1209 4918 1218 4945 ‚
1238 4880 1267 4936 dt

245 4955 353 5017 demissa
374 4960 404 5012 in
418 4956 546 5021 relicom,
567 4972 694 5031 argentea
714 4974 819 5012 aeneave
841 4954 950 5023 fistula,
971 4958 1136 5016 carheterem
1151 4978 1269 5027 vocant,

246 5045 352 5097 urinam
373 5038 480 5095 emoliri
502 5056 583 5104 eutn³
603 5038 651 5112 qui
673 5056 814 5093 curaturus
837 5039 891 5106 est,
911 5056 1019 5113 oportet
1040 5039 1141 5098 habere
1161 5042 1269 5100 illarum

246 5121 393 5180 fistularum
415 5121 521 5196 plures,
542 5137 573 5175 ut
594 5118 668 5189 omni
690 5121 822 5194 corpori,
845 5120 990 5195 ampliori,
1011 5122 1182 5200 minorique,
1202 5141 1270 5200 apere

246 5202 311 5260 lint,
333 5204 411 5258 Viris
433 5204 550 5258 incurvae
570 5204 597 5257 ἀ
618 5200 753 5277 longiores
775 5242 784 5267 ,
806 5199 916 5277 feminis
937 5221 1005 5260 vero
1026 5207 1105 5261 redae
1125 5207 1270 5264 &breves
1293 5268 1296 5271 ,

244 5283 307 5341 sunt
329 5285 433 5341 idoneae
453 5327 459 5339 .
481 5286 597 5357 Oportet
617 5301 663 5339 ets
685 5283 760 5339 laeves
781 5279 832 5339 effe
849 5323 860 5350 ‚
880 5303 968 5361 neque
990 5288 1070 5343 nimis
1091 5288 1203 5363 plenas,
1223 5308 1272 5346 ne-

247 5386 299 5441 que
321 5368 402 5422 nimis
423 5383 533 5423 tenues.
557 5366 637 5421 Parte
658 5383 802 5430 extrema,
823 5384 880 5443 qua
901 5368 931 5423 in
951 5368 1066 5426 vcficam
1087 5367 1240 5429 inseruntur
1261 5411 1271 5439 ,

246 5445 341 5507 clausae
363 5464 444 5522 atque
466 5442 584 5512 retusae,
616 5448 751 5524 utrimque
773 5464 841 5504 vero
862 5449 897 5505 ad
918 5449 990 5507 latus
1015 5448 1159 5527 perforatae
1179 5451 1270 5511 sunt.

248 5532 357 5587 Habent
378 5531 460 5586 etiam
489 5549 523 5586 ex
550 5528 646 5585 eodem
678 5529 786 5587 metallo
807 5527 910 5597 filum,
938 5528 1015 5606 quod
1036 5535 1065 5589 in
1094 5555 1139 5592 eas
1161 5534 1272 5606 conjici-

251 5625 321 5677 tur,
343 5626 372 5666 ut
390 5650 399 5677 2
420 5612 439 5668 st
460 5610 533 5671 forte
554 5608 579 5668 le
601 5610 707 5691 aliquid
729 5614 766 5670 in
778 5608 864 5670 fistula
885 5610 1063 5692 apposuerit,
1092 5616 1122 5673 id
1142 5637 1176 5676 eo
1195 5612 1272 5696 poffit

249 5709 385 5751 emovere
537 5715 549 5748 t
861 5714 863 5716 ·
1012 5743 1015 5748 .
1219 5748 1228 5753 ,
