4667 6609
560 2644 628 2689 Ant
645 2648 904 2691 ruoctnznrtn.
1195 2654 1242 2710 3⁶5

223 2714 408 2776 adurentibus>
419 2714 552 2789 efficitur,
573 2742 603 2778 ut
623 2726 676 2782 illae
695 2733 877 2788 emorIantur.
899 2733 928 2788 Si
944 2734 1050 2810 aliquid
1069 2758 1104 2795 ex
1118 2757 1171 2798 ano
1186 2740 1245 2798 hu-

223 2795 317 2875 jusque
338 2797 487 2873 sphinilere
496 2802 658 2857 demendum
680 2802 749 2869 fuit,
769 2806 818 2863 lub
839 2814 980 2868 curatione
1001 2814 1131 2876 inanum
1151 2822 1245 2879 danda

221 2880 259 2933 cll
280 2883 366 2947 major
393 2877 549 2951 densiorque
570 2882 713 2950 rutunda,
741 2902 773 2939 ne
792 2925 801 2951 ,
821 2888 1054 2962 glutinatisinret
1075 2895 1102 2954 se
1121 2903 1242 2963 vulneris

221 2959 297 3022 oris,
318 2974 385 3011 anus
407 2959 521 3015 nimium
538 2961 742 3035 coangustetur.
764 2965 792 3021 Si
815 2968 929 3026 multum
952 2968 1112 3049 sphindteris
1121 2979 1242 3039 demtum

222 3037 294 3103 fuit,
315 3053 405 3092 manet
425 3038 590 3115 quandoque
610 3043 781 3103 imbecillitas
804 3088 813 3114 ,
835 3066 865 3106 ut
885 3070 953 3129 ager
973 3056 1063 3116 alvum
1085 3061 1132 3119 vix
1153 3066 1242 3122 conti-

222 3138 285 3175 nere
304 3114 396 3194 poffit.
419 3121 547 3193 (1010.)
609 3194 611 3196 Υ

269 3277 464 3337 nni
544 3284 1128 3377 rnocltonnrtn.

233 3471 417 3501 ’
669 3458 804 3526 §.torp
985 3525 987 3527 ι
1115 3515 1117 3517 ,
1223 3515 1225 3517 ,

260 3524 353 3581 Tadii
367 3528 449 3582 etiam
470 3526 579 3600 plenum
600 3532 699 3588 virium
719 3536 756 3589 est
774 3577 783 3601 ,
804 3535 823 3591 fi
845 3557 936 3607 anus,
956 3542 987 3598 id
1008 3544 1081 3619 quod
1103 3544 1239 3606 interdum

219 3600 274 3671 fit,
294 3604 440 3681 procidit.
461 3609 522 3665 Hoc
543 3613 615 3666 enim
636 3616 744 3670 evenire
764 3613 856 3684 solet,
883 3621 904 3675 st
924 3621 1062 3680 hominem
1082 3628 1138 3684 cita
1159 3630 1241 3686 alvus

216 3685 265 3742 diu
286 3690 405 3744 exercuit
430 3692 606 3762 &peream
635 3693 720 3751 multa
748 3699 822 3754 acria
843 3698 941 3757 biliosa
970 3701 1190 3774 descenderunt,
1219 3708 1241 3764 fi

217 3767 367 3824 acrioribus
389 3770 567 3844 purgantibus
583 3772 630 3830 illa
651 3775 772 3834 crebrius
782 3778 909 3848 ducitur,
929 3780 949 3837 st
970 3786 999 3839 in
1019 3786 1144 3845 intestino
1163 3786 1241 3846 vasca-

217 3847 290 3904 rides
310 3890 319 3916 ,
339 3848 382 3904 vel
404 3851 474 3905 mala
495 3852 585 3928 ulcera
607 3849 670 3911 lunt
688 3896 697 3922 ,
717 3860 897 3934 exquibus,
918 3881 1000 3940 arque
1019 3886 1053 3922 ex
1073 3867 1164 3927 veficae
1184 3871 1242 3927 cal·
1266 3866 1268 3869 Α

217 3929 299 3995 culo,
314 3930 407 3986 'oritur
427 3928 580 3999 renelmus,
601 3935 630 3989 in
652 3954 708 4010 qno
730 3938 858 4014 frequens
879 3944 1016 4002 delidendi
1037 3950 1240 4022 cupiditas‘cst,

218 4026 300 4084 atque
320 4010 423 4075 dolor,
444 4010 492 4066 ubi
514 4012 619 4089 aliquid
639 4020 791 4075 excernitur
813 4041 821 4077 z
843 4024 917 4079 Nam
939 4025 984 4081 his
1003 4030 1149 4099 omnibus,
1169 4036 1197 4089 &
1214 4032 1239 4095 fi

216 4108 285 4163 aeger
306 4091 426 4147 crebrius
447 4092 694 4154 hae'morrhoidibus
715 4117 829 4157 venatus
852 4102 931 4171 fuit,
951 4108 1107 4166 intestinum
1127 4113 1248 4170 tandem«

216 4169 387 4238 infirmatur,
408 4173 483 4249 quod
504 4169 557 4230 sub.
571 4174 627 4233 levi
649 4179 722 4238 nixu.
736 4178 874 4241 descendit
893 4188 921 4241 ἃ
939 4188 1075 4259 procidit.
1097 4190 1238 4253 Accedere

216 4252 382 4327 quan-doque
403 4251 469 4310 soler
490 4255 687 4325 inflammatio,
708 4266 882 4335 quaeorirur,
900 4263 920 4320 st
940 4263 1079 4341 sphinCter
1097 4268 1125 4329 se
1145 4274 1239 4332 valen-

215 4332 269 4389 tius
291 4332 445 4399 contrahit,
466 4337 511 4400 dc,
533 4336 562 4391 id
583 4338 660 4412 quod
680 4340 815 4413 procidit,
835 4347 950 4417 premit.
1272 4360 1274 4362 ’

663 4428 688 4486 §.
713 4440 800 4496 1024.
1196 4448 1198 4450 ’

255 4494 284 4549 Si
305 4489 389 4549 causae
411 4497 540 4568 (1022.)
561 4513 672 4572 patent,
694 4502 753 4559 illas
769 4503 839 4561 'ante
857 4508 952 4563 omnia
971 4509 1033 4567 tolli
1054 4531 1185 4588 oportet.
1208 4517 1240 4575 Si

214 4568 308 4632 sanies*
321 4576 410 4631 acrior
430 4594 477 4651 per
498 4577 590 4649 altum
611 4580 729 4646 defluit,
749 4584 870 4649 inghanc
890 4587 953 4643 dari
974 4590 1076 4649 debent
1095 4597 1187 4653 oleum
1208 4602 1238 4655 dc

215 4656 328 4713 lotiones
350 4676 383 4711 ex
403 4656 517 4713 decodlo
539 4674 646 4725 avenae,
666 4678 805 4728 cremore,
826 4664 915 4732 laete,
935 4686 970 4723 en
990 4678 1151 4749 quocoqni
1172 4674 1243 4751 pos-⁴

214 4734 274 4793 sunt
295 4735 474 4792 emollientia.
497 4732 641 4795 Alcarides
663 4760 809 4810 necantur,
832 4743 958 4803 stoicum
979 4751 1009 4806 in
1017 4751 1110 4811 alvum
1130 4759 1238 4831 immit÷

213 4819 297 4885 titur,
318 4817 420 4893 idque,
439 4818 572 4895 quamdiu
592 4821 695 4896 potest,
716 4824 796 4880 inea
818 4827 996 4904 relinquitur.

661 4910 688 4968 §.
719 4923 804 4974 1025.

163 5000 165 5002 ¹
254 4983 283 5037 Si
303 4999 388 5045 vero,
410 4979 438 5036 id
459 4981 536 5057 quod
556 4984 910 5058 procidit„inllammatum
926 4992 984 5061 est,
1004 4996 1235 5059 adhibendasunt

213 5062 332 5120 iumenta
353 5066 379 5120 dc
402 5061 455 5118 alia
474 5104 483 5130 ,
505 5082 565 5139 quae
586 5062 665 5142 supra
686 5075 697 5142 (
717 5075 801 5124 1016.
819 5075 831 5140 )
852 5076 992 5150 praecepi,
1012 5083 1038 5135 dc
1060 5080 1110 5138 ubi
1131 5083 1237 5141 intesti-

213 5164 277 5202 num
298 5143 436 5219 paululum
457 5145 613 5214 detumuit,
632 5148 703 5205 illud
723 5150 817 5226 digitis
840 5158 971 5227 (1016.)
989 5159 1071 5217 debet
1090 5182 1237 5239 promovef

210 5227 236 5281 ri
258 5244 340 5303 atque
362 5230 435 5282 intus
456 5228 609 5302 compelli,
629 5228 687 5305 post
708 5248 821 5300 autern,
842 5236 966 5311 pluribus
987 5242 1236 5325 multiplicibusque

213 5309 308 5380 paonis
330 5306 459 5382 impostis
477 5350 487 5376 ,
515 5312 660 5380 injicienda
681 5309 768 5388 fascia
784 5319 798 5389 (>
814 5324 880 5386 996.
898 5321 910 5390 l
931 5321 969 5379 est
986 5357 1007 5382 ,η
1020 5323 1173 5398 Admoneri
1193 5347 1238 5385 ct-

213 5389 268 5444 iam
287 5385 412 5465 poffunt,
433 5410 492 5467 quae
513 5390 617 5449 leniter
630 5397 802 5471 reprimunt,
822 5401 918 5458 vinum
938 5405 1073 5465 austerum
1094 5449 1103 5475 ,
1121 5430 1158 5466 ,ex
1178 5416 1239 5486 quo

213 5471 296 5526 etiam
320 5467 406 5544 coqui
439 5469 546 5547 poliunt
581 5476 660 5533 radix
689 5479 857 5538 tormentillae
886 5483 1058 5564 bistortaeque
1081 5529 1092 5556 ,
1122 5493 1239 5550 malico-

214 5552 283 5608 rium
304 5596 311 5608 .
332 5551 471 5611 Convenit
491 5555 573 5614 etiam
595 5598 604 5625 ,
625 5558 716 5619 locum
736 5560 815 5620 thure
837 5605 846 5631 ,
869 5565 998 5624 mastiche
1019 5570 1140 5638 ,baccis
1160 5576 1236 5647 juni·

213 5635 269 5707 peri
291 5675 299 5703 ,
320 5629 421 5696 suffire.
