4667 6609
420 2602 470 2651 33⁶
813 2574 1019 2615 ULCERA,

416 2679 458 2752 pis
478 2670 607 2729 causticus
629 2665 835 2739 chirurgotnm.
857 2666 926 2733 (97.
948 2653 1036 2726 907.)
1056 2653 1121 2709 Haec
1142 2648 1183 2708 ita
1202 2647 1259 2703 cuti
1280 2648 1426 2709 admovete·

416 2773 475 2820 tur,
496 2771 526 2809 ut
542 2753 616 2828 prius
637 2749 701 2805 huic
714 2749 886 2822 ‘imponatur'
897 2736 1085 2815 emplastrum,
1099 2729 1180 2809 'quod
1202 2732 1230 2785 in
1240 2727 1331 2783 medio
1353 2729 1427 2786 fora-

415 2836 580 2893 menffhabet
601 2876 608 2887 .
639 2833 670 2886 In
691 2829 744 2886 hoc
765 2828 888 2885 foramen
902 2821 983 2899 >*super
1004 2832 1114 2882 cutem,
1143 2831 1226 2890 quam
1247 2812 1322 2884 prins
1344 2804 1427 2863 saliva

416 2918 568 2988 humectari
588 2928 713 2988 oportet,
733 2911 887 2967 demittitur
905 2905 1148 2981 medicamentum,
1169 2892 1244 2971 quod
1260 2891 1316 2946 alio
1329 2884 1428 2962 luper-

416 3000 541 3073 impot‘ito
561 2995 702 3069 emplastro
722 2994 892 3070 contegitur,
912 2985 1059 3056 &injectis
1080 2978 1174 3056 pannis
1196 2970 1348 3048 fasciaque,
1367 2986 1428 3044 quae

416 3083 518 3137 arctius
540 3077 702 3136 circumdati
722 3074 824 3144 debet,
843 3066 1090 3131 commetietur
1098 3081 1144 3138 per
1165 3055 1210 3115 sex
1230 3055 1336 3122 circiter
1346 3050 1428 3107 horas

335 3181 336 3184 ’
416 3163 595 3240 relinquitur,
616 3160 702 3218 donec
722 3158 808 3216 crusta
829 3156 884 3212 cuti
903 3194 911 3220 ,
932 3148 1007 3228 quast
1027 3150 1088 3223 igne
1109 3143 1223 3206 adusta,
1243 3136 1328 3194 >fuerit
1349 3130 1429 3226 indn-

416 3247 463 3302 ἃᾶ
483 3290 502 3319 .,
517 3249 583 3305 Haec
604 3243 692 3319 postea
714 3240 795 3298 modo
814 3238 896 3293 didit
917 3230 1146 3309 medicamentis,
1174 3241 1233 3300 quae
1254 3238 1301 3295 per
1323 3215 1430 3289 aliquot

419 3327 479 3384 dies
500 3328 525 3382 ei
545 3324 773 3399 superunguntur,
796 3315 954 3375 resolvitur.
977 3313 1019 3368 Ea
1034 3306 1168 3374 resoluta,
1189 3308 1218 3362 in
1238 3303 1323 3362 tinum
1343 3293 1429 3374 pisum

418 3410 461 3463 nel
481 3407 607 3481 globulus
628 3403 795 3459 demittitur.
1344 3428 1346 3431 ψ

865 3485 891 3543 b·
914 3494 982 3548 930·
1424 3506 1429 3512 .

458 3563 689 3641 Expeditiffimum
710 3580 778 3620 vero
798 3560 860 3626 est,
889 3561 979 3616 cutim
994 3557 1116 3632 protinus
1138 3546 1262 3625 scalpello
1283 3539 1401 3602 incidere
1422 3577 1433 3606 ,

419 3652 447 3705 tr
469 3650 502 3712 ,in
522 3648 620 3704 vulnus
641 3641 728 3721 pilum
756 3642 887 3713 conjicere
916 3657 996 3715 atque
1018 3635 1097 3714 super
1123 3633 1152 3690 id
1175 3631 1250 3694 fultis
1278 3625 1432 3684 linamentis

420 3726 568 3805 pannisque
589 3725 755 3787 densioribus
777 3727 803 3780 dc
826 3720 937 3788 fascia,
966 3713 1129 3796 quae'etiam
1151 3715 1251 3771 aterius
1272 3704 1434 3767 circumdari

420 3811 525 3877 debet,
546 3812 683 3865 continete
702 3847 711 3872 ,
732 3824 789 3880 quo
809 3804 927 3860 vulneris
947 3820 1002 3859 orte
1025 3798 1236 3874 comprimantur
1256 3831 1266 3859 ,
1286 3795 1313 3847 dc
1334 3786 1435 3846 hocin

420 3891 498 3948 ulcus
519 3906 658 3946 vertatur.
680 3888 787 3961 (895.)
1364 3893 1366 3896 ·
1429 3889 1431 3891 ¹

447 4002 449 4004 ’
866 3971 891 4025 §·
919 3976 986 4029 931·

459 4052 500 4105 Hi
520 4067 586 4107 vero
606 4047 641 4108 fic
662 4044 729 4102 dieti
751 4042 877 4100 fonticuli
898 4055 1098 4114 nonnumquam
1119 4037 1148 4092 in
1165 4029 1269 4092 'sumtno
1290 4031 1436 4106 capiteett-

421 4134 556 4198 eitantur,
577 4149 610 4187 eo
631 4129 710 4194 loco,
731 4126 779 4183 ubi
800 4120 908 4191 sutura,
929 4141 989 4199 qua·
1010 4122 1045 4177 ab
1062 4119 1177 4193 occipite
1197 4135 1246 4191 per
1263 4113 1437 4171 mediumm-

419 4230 469 4289 put
490 4212 639 4288 procedit,
666 4212 695 4264 in
716 4205 839 4264 coronali
859 4202 950 4261 sutura
970 4200 1064 4261 finitur
1085 4246 1092 4259 ,
1122 4202 1178 4257 Hic
1198 4199 1273 4256 lotus
1295 4197 1324 4252 in
1344 4192 1436 4270 pueris

419 4291 557 4361 fontanella
575 4293 694 4354 dicitur,
715 4286 790 4362 quod
811 4286 851 4341 ibi
872 4282 926 4341 offa
942 4282 1073 4340 ‘deficiunt
1094 4285 1148 4348 ita,
1170 4297 1200 4338 ut
1221 4279 1360 4336 cerebrum
1380 4291 1436 4330 non

423 4374 473 4430 nist
495 4374 652 4434 membrana
672 4384 847 4443 contegatur.
868 4366 939 4421 Eum
960 4365 1077 4420 inveniri
1097 4359 1204 4417 difficile
1225 4380 1279 4416 non
1300 4359 1354 4425 est,
1375 4373 1437 4414 cum

424 4458 449 4511 is
470 4452 610 4529 depreffior
631 4450 678 4516 fit,
700 4453 727 4504 dc
748 4442 1034 4519 taciucognoscatur.
1057 4445 1124 4499 Sunt
1141 4459 1248 4508 tamen,
1269 4442 1332 4515 qui,
1355 4456 1384 4494 ut
1401 4438 1437 4493 il·

423 4536 480 4591 lurn
502 4535 662 4608 reperiant„
675 4529 743 4583 duas
764 4528 848 4582 lineas
869 4526 972 4581 ducunt
993 4544 1009 4578 a
1031 4524 1120 4579 media
1131 4542 1196 4579 aure
1217 4522 1251 4578 ad
1274 4519 1440 4576 mediamal-

422 4634 511 4674 teram
532 4632 641 4679 aurem,
661 4608 759 4666 deinde
780 4606 922 4663 anaribus
944 4604 979 4661 ad
996 4605 1141 4669 verticem,
1162 4604 1247 4658 &ubi
1269 4602 1344 4658 lineae
1365 4617 1440 4656 com-

423 4699 587 4763 mittuntur,
608 4693 692 4751 cutim
713 4690 855 4755 incidunt,
877 4687 937 4754 vel,
957 4686 1033 4762 quod
1043 4685 1153 4757 majoris
1175 4678 1361 4748 efficaciaeell,
1377 4700 1440 4737 can-

423 4780 506 4849 dente
528 4777 693 4835 ferramento
714 4772 849 4838 adurunt,
870 4769 945 4847 quod
966 4767 1174 4828 vehementer&
1196 4766 1235 4821 ita
1256 4761 1389 4839 infigunt,
1410 4778 1441 4818 ut

424 4881 457 4918 os
479 4863 563 4917 etiam
584 4855 721 4932 squamam
743 4855 878 4911 remittat.
901 4852 960 4908 Hoc
982 4850 1115 4907 valentius
1133 4847 1228 4905 auxilii
1248 4865 1332 4922 genus
1352 4863 1442 4920 quan>-

425 4943 519 5016 doque
540 4941 573 4993 iis
595 4938 760 5012 opitulatur,
780 4937 828 5011 qui
850 4933 1016 4997 intolerabili
1038 4932 1166 5005 &longa
1188 4947 1218 4984 ac
1239 4927 1296 4984 fere
1317 4924 1441 5002 despera-

427 5039 457 5080 ta
478 5019 641 5096 cephalalgia
660 5018 805 5076 laborant.
1229 5044 1246 5063 1

435 5135 437 5138 ,
968 5113 993 5151 ,n
1060 5146 1063 5149 .

451 5184 503 5247 ,In
524 5182 608 5240 nucha
628 5181 805 5259 opportunior
823 5181 866 5239 his
876 5179 1011 5238 ulceribus
1033 5173 1111 5233 sedes
1128 5174 1245 5233 estimet
1265 5171 1376 5229 alteram
1386 5187 1441 5228 tera

427 5265 549 5341 tiamque
569 5265 630 5322 colli
651 5264 819 5323 vertebram.
841 5261 1017 5325 Videndum,
1038 5278 1080 5316 ne,
1092 5259 1133 5316 tel
1154 5257 1367 5323 ferramentum,
1388 5252 1441 5319 vel,

429 5346 504 5422 quod
520 5347 654 5405 adurendi
675 5349 730 5404 uim
752 5346 863 5414 habet,
876 5344 1122 5409 medicamentum,
1144 5342 1338 5398 vertebrarum
1352 5334 1441 5412 spinas

429 5427 545 5483 adurat,
568 5431 618 5486 Per
639 5430 729 5487 ulcera
750 5430 780 5485 in
800 5429 850 5485 bac
868 5424 930 5492 sede
951 5424 1023 5481 facta
1034 5422 1197 5501 quandoque
1217 5416 1447 5480 srccescuntoculi·

428 5510 619 5585 lippientes&
640 5508 740 5588 semper
761 5515 836 5568 tenui
857 5511 972 5567 humore
993 5508 1146 5574 madentes,
1166 5525 1214 5562 nec
1235 5524 1311 5572 non,
1329 5501 1380 5580 qui
1399 5517 1444 5555 ce-

428 5592 557 5669 teroquin
577 5591 656 5660 sicci,
675 5614 708 5653 eit
728 5593 834 5652 levibus
856 5591 999 5652 momentis
1021 5590 1239 5648 inflammantur.
