4667 6609
436 2596 520 2653 >3⁶⁰
640 2624 641 2627 ,
804 2565 1147 2626 ristunnann

497 2673 511 2719 b
526 2674 576 2719 Hoc
590 2684 605 2715 a
619 2676 654 2713 tn
671 2672 763 2712 natan
779 2698 787 2720 ,
802 2655 1029 2721 Argentoratenfium
1045 2652 1157 2711 chirurgo
1174 2650 1323 2719 ,inventum
1337 2651 1424 2706 primm
1439 2659 1480 2704 aaa

468 2729 554 2789 scripsit
570 2728 605 2775 Cl.
623 2734 711 2772 neten.
724 2734 790 2768 *uass
806 2723 833 2769 in
849 2719 937 2767 Dissert.
946 2718 976 2765 de
991 2713 1080 2763 Fistula
1095 2712 1144 2761 Ani
1157 2708 1256 2757 feliciter
1270 2706 1388 2776 curanda,
1405 2714 1480 2769 HQ,

471 2795 667 2835 crarnccxvur.
683 2782 745 2833 frid.
756 2780 896 2826 Hoffmanno
910 2775 1019 2835 prasrde,
1033 2771 1155 2831 propofita.
1172 2772 1222 2815 Hoc
1237 2778 1318 2824 patum
1332 2775 1482 2814 immutatum

469 2847 525 2895 viu
535 2848 561 2893 in
577 2851 755 2891 GAnENGEor
773 2841 804 2885 T.
812 2841 832 2883 l.
848 2842 903 2895 Cap.
913 2838 956 2883 IX.
971 2837 1021 2881 Art.
1038 2835 1067 2878 V.
1084 2846 1106 2889 p.
1115 2843 1167 2887 337,

497 2905 597 2973 cQtale
611 2903 645 2949 est
662 2937 670 2957 ,
686 2900 745 2957 quod
761 2895 889 2943 delineavit
905 2902 1063 2943 HErsTEnus
1078 2890 1104 2937 in
1119 2886 1224 2943 chirurgi
1249 2882 1306 2931 Tab.
1323 2882 1423 2928 XXXV.
1438 2880 1478 2939 sig.

469 2963 501 3010 ΙΙ.
517 2978 558 3021 qur
573 2962 644 3009 etiam
657 2958 702 3005 alia
717 2955 907 3005 ferramentorum
921 2950 1118 3009 aescalpellorunt
1133 2960 1215 3012 genera
1229 2942 1298 2989 habet
1314 2973 1321 2985 .
1344 2950 1479 2987 siraninus

466 3022 557 3069 iconem
571 3019 636 3068 dedit
649 3014 751 3074 forficis,
765 3029 811 3074 qua
821 3012 971 3064 anifistulam
986 3009 1083 3125 inpidit.
1100 3006 1155 3054 Vidi
1164 3018 1213 3059 etus
1231 3001 1288 3049 Tab.
1297 3002 1328 3046 Π.
1337 3015 1362 3058 p.
1371 3012 1406 3057 31.
1417 2999 1445 3042 Β.

488 3099 620 3124 ‘ff
695 3122 697 3124 ,
903 3082 1095 3138 5,100„>
1344 3096 1346 3099 <
1469 3103 1473 3109 ,

499 3156 634 3216 Alterum
643 3173 728 3233 genus
749 3151 860 3221 fistulae,
880 3150 954 3228 quod
974 3149 1140 3206 renaturus
1161 3142 1268 3207 tendit,
1288 3154 1418 3214 quovero,
1439 3135 1484 3192 in-

466 3241 593 3299 testinum
609 3238 740 3296 violatum
761 3235 866 3293 nonest
883 3231 1024 3304 (997.1.)
1045 3247 1076 3285 ea
1093 3228 1216 3292 tatione,
1237 3239 1291 3300 qua
1308 3219 1343 3276 de
1366 3212 1481 3275 abscessu

470 3322 529 3378 dixi
539 3358 550 3388 ,-
568 3320 674 3377 duabus
689 3315 934 3391 &pluribnslinets
952 3308 1125 3366 incidendum
1145 3306 1201 3374 est,
1221 3323 1251 3362 ut
1267 3306 1338 3359 imus
1356 3297 1425 3355 finus
1435 3316 1483 3371 pa-

468 3418 543 3457 teat.
564 3400 667 3469 (994.)
687 3397 744 3453 Ubi
765 3397 798 3450 ad
812 3393 892 3450 finem
913 3390 1004 3446 fistulae
1019 3406 1133 3446 ventum
1152 3389 1212 3454 est,
1232 3383 1315 3441 callus
1332 3381 1415 3436 etiam
1436 3378 1482 3435 vei

468 3497 542 3536 totus
552 3478 659 3545 excidi,
679 3476 722 3532 vel
734 3471 857 3540 concidi,
878 3477 905 3531 δι
925 3468 1099 3528 adurentibus
1120 3465 1304 3526 exedidebet.
1326 3458 1482 3536 Siquando

466 3559 552 3618 fistula
560 3558 713 3617 intestinum
735 3556 854 3615 nondum
865 3555 1001 3630 perrupit,
1021 3571 1055 3609 eo
1073 3557 1163 3609 autem
1172 3547 1274 3612 tendit,
1295 3544 1396 3618 illaque
1416 3560 1481 3616 pro-

468 3643 529 3718 pior
549 3641 603 3706 est,
622 3639 753 3704 celeritati
775 3637 888 3693 multum
910 3636 1050 3704 adjicitur,
1071 3633 1090 3689 si
1110 3631 1233 3707 protinus
1253 3621 1394 3683 demissum
1412 3622 1440 3678 in
1449 3620 1483 3677 fi-

469 3723 573 3779 stulam
588 3737 695 3777 acutum
717 3715 852 3794 specillum
873 3736 919 3792 per
940 3715 1092 3771 intestinum
1111 3712 1272 3783 trajicitur,
1302 3724 1383 3781 atque
1405 3700 1482 3779 supet

469 3804 516 3869 id,
537 3799 680 3865 desiluit,
699 3803 725 3854 ὃ(
746 3801 915 3864 intestinum,
936 3796 1094 3853 inciditur«

469 3920 472 3925 >
562 3943 563 3946 Ἰ
727 3928 729 3931 .
916 3887 940 3942 §.
966 3895 1050 3943 1009.

508 3965 632 4019 Tertium
652 3978 751 4034 genus,
773 3960 912 4032 (997.2‚)
933 3957 1007 4031 quod
1029 3957 1131 4030 integra
1152 3966 1214 4008 tute
1224 3953 1252 4006 in
1273 3947 1426 4004 intestinum
1435 3964 1485 4020 pa·

467 4058 521 4109 tet,
541 4041 770 4103 hartemnlestiatn
785 4040 886 4105 habet,
908 4036 1013 4098 utillud
1034 4039 1109 4110 prius
1126 4029 1288 4090 extrinsecus
1310 4027 1483 4106 aperiendum

448 4124 515 4188 stt.
537 4123 594 4183 Ubi
608 4123 677 4177 enim
688 4123 762 4177 tatto
783 4118 833 4176 sub
849 4135 910 4175 cute
930 4136 1035 4194 tumor,
1056 4118 1100 4173 vel
1111 4115 1211 4181 callus,
1233 4110 1362 4177 sentitur,
1383 4110 1484 4168 demit,

469 4203 580 4261 tendum
590 4201 742 4278 scalpellum
762 4199 958 4274 &aperiendus
973 4198 1102 4253 sinusest.
1122 4199 1184 4253 Hoc
1203 4195 1300 4250 minori
1311 4193 1420 4268 negotio
1442 4189 1482 4256 fit,

468 4285 640 4355 ficonjetius
658 4286 687 4337 in
708 4299 789 4337 anum
805 4282 907 4354 digitus
929 4280 963 4335 ad
982 4277 1095 4335 fistulam
1117 4279 1234 4334 flestitur
1255 4280 1281 4332 &
1300 4294 1332 4331 eo
1353 4274 1422 4329 cutis
1437 4292 1486 4328 ex-

471 4361 589 4423 trorsum
610 4380 739 4438 urgetur,
760 4364 813 4426 ita,
835 4378 865 4415 ut
886 4361 941 4414 hac
961 4375 1053 4414 contra
1073 4360 1191 4432 digitum
1212 4357 1362 4411 incidatur.
1385 4356 1414 4410 Si
1436 4374 1486 4410 au-

471 4461 525 4505 tent
546 4443 617 4499 finus
637 4446 666 4497 in
687 4442 811 4496 intestino
832 4442 932 4496 artiior
953 4439 1014 4504 est,
1036 4442 1062 4493 δε
1083 4439 1200 4512 digitum
1222 4455 1275 4491 non
1295 4436 1406 4509 recipit,
1427 4432 1488 4509 spe-

470 4526 563 4580 cillum
585 4542 618 4577 ex
631 4520 766 4596 plumbo,
787 4519 830 4575 uel
852 4535 989 4593 argento,
1010 4520 1049 4571 ita
1069 4519 1170 4572 inflesii
1192 4516 1271 4572 debet
1292 4519 1318 4571 &
1339 4534 1384 4587 per
1406 4535 1485 4571 anum

469 4607 498 4661 in
519 4602 632 4659 fistulam
652 4600 760 4657 demitti
781 4641 790 4666 ,
811 4616 841 4655 ut
862 4617 955 4656 contra
976 4598 1056 4668 hujus
1077 4607 1159 4671 caput
1179 4601 1249 4651 cutis
1271 4597 1354 4659 incidi
1372 4613 1457 4670 ,queat
1479 4640 1486 4651 .

470 4681 612 4742 Persorata
627 4690 724 4738 ‘autem
744 4698 804 4736 cute
825 4721 834 4746 ,
862 4699 950 4737 cetera
976 4679 1004 4733 in
1025 4680 1163 4734 curatione
1184 4674 1279 4732 fimilia
1302 4676 1345 4731 his
1365 4674 1416 4732 else
1438 4678 1486 4733 de-

469 4767 552 4833 bent,
573 4784 632 4840 quat
653 4765 682 4819 in
701 4760 751 4817 illo
771 4760 862 4819 fistulae
881 4779 998 4838 genere,
1019 4758 1094 4835 quod
1115 4765 1142 4815 ἃ
1164 4753 1326 4815 extrinsecus
1347 4760 1373 4812 a<
1395 4758 1423 4812 in
1445 4761 1487 4815 in-

409 4904 411 4908 ,
451 4848 599 4921 ,testinum
616 4859 706 4919 patet,
726 4844 853 4917 praecepi.
876 4841 1142 4918 (1003.ad1005.)

505 4954 509 4956 ⁸
855 4995 858 4999 Ι
916 4933 941 4989 §.
966 4941 1051 4991 1009.
1416 4944 1418 4946 ·

514 5008 582 5082 Qo
602 5003 702 5080 semper
722 5007 749 5062 in
770 5006 813 5062 his
834 5005 1023 5063 curationibus
1042 5005 1112 5060 imus
1122 5001 1215 5060 fistulae
1236 4995 1323 5057 ineisa
1344 4999 1487 5059 finusotu-

474 5088 508 5144 lis
528 5104 634 5164 pateat,
655 5088 698 5144 ille
715 5106 776 5143 tum
796 5088 950 5144 linamentis
958 5085 1065 5162 impleti
1086 5101 1168 5161 atque
1178 5082 1306 5159 impostis
1322 5085 1417 5158 pannis
1427 5085 1488 5140 vin-

474 5170 524 5225 ciri
539 5169 620 5225 debet
635 5190 662 5224 a.
684 5171 748 5225 Haet
759 5169 818 5225 tolli
839 5185 964 5245 oportet,
985 5166 1105 5223 stalvum
1118 5166 1268 5237 dejiciendi
1290 5163 1423 5221 neteffitas
1433 5166 1488 5222 est.

475 5251 566 5306 Etiam
581 5249 825 5324 postdtjestionem
846 5253 923 5308 ultus
935 5248 1045 5326 spongia
1060 5248 1204 5318 extalida,
1225 5248 1267 5304 vel
1278 5248 1363 5314 vino,
1381 5244 1489 5322 expres-

474 5327 520 5395 sa,
540 5328 631 5388 sedulo
651 5332 760 5407 purgari
781 5349 862 5408 atque
883 5335 982 5389 iterum
993 5333 1071 5387 novis
1091 5331 1264 5399 linamentis,
1285 5329 1384 5404 quibus
1403 5330 1488 5385 etiarn

476 5410 666 5485 medicamenta
687 5414 849 5491 illinuntur,
868 5415 975 5490 impleri
990 5411 1088 5469 debet.
1110 5415 1177 5489 Quo
1187 5414 1281 5488 primis
1292 5411 1404 5478 diebus,
1424 5410 1490 5484 qui-

474 5492 527 5548 bus
547 5493 707 5570 quandoque
715 5510 802 5553 metus
823 5496 879 5563 esi,
900 5516 932 5552 ne
949 5491 1057 5569 sanguis
1078 5493 1200 5561 feratur,
1221 5512 1290 5570 ager
1311 5490 1489 5551 alvumcohi-

472 5572 537 5630 berc
556 5570 650 5648 possit,
669 5578 695 5631 δε
715 5576 763 5633 ilia
784 5595 845 5635 ante
866 5579 1034 5638 curationem
1055 5576 1136 5644 duci,
1158 5580 1184 5634 dt
1205 5595 1274 5653 ager
1291 5571 1488 5633 sorbitionibus

471 5649 592 5713 sustineri
614 5652 708 5713 debet.
728 5659 789 5719 Nec
809 5661 931 5743 ignorari
952 5675 1084 5739 oportet,
1104 5659 1229 5729 homini,
1249 5659 1299 5739 qui
1319 5658 1490 5716 itacuratus
