4667 6609
383 2569 429 2615 394
741 2542 757 2578 L
791 2541 810 2578 U,
845 2538 862 2572 Χ
897 2534 914 2569 A
948 2529 965 2564 T
1002 2528 1031 2561 n.

418 2641 482 2698 tell,
502 2635 674 2704 Ubicumque
690 2624 780 2700 'igitur
800 2608 900 2676 os‘offi
921 2606 1041 2682 junelum
1063 2604 1097 2659 δι,
1111 2613 1199 2658 unum
1213 2604 1312 2652 contra
1327 2600 1396 2655 alte*

381 2744 443 2780 rum
463 2719 541 2777 suurn
561 2714 615 2779 est,
635 2703 794 2767 considerari
815 2693 919 2775 poliunt
938 2690 1011 2746 duo.
1033 2684 1068 2738 Et
1089 2676 1247 2753 utriusque,
1268 2676 1397 2739 immo&

384 2806 502 2882 plurium
523 2796 614 2857 ossium
635 2790 728 2866 figura,
742 2784 945 2854 structuraque,
966 2785 1020 2846 qua
1039 2786 1072 2823 ea
1090 2766 1162 2820 inter
1177 2758 1203 2817 se
1224 2757 1398 2816 committun-

362 2889 446 2952 sstur,
464 2876 593 2959 analige,
615 2870 771 2931 &illorum
793 2881 894 2925 nexus,
915 2852 959 2912 seu
981 2848 1068 2915 ratio,
1089 2864 1144 2922 qua
1165 2861 1196 2901 ea
1218 2832 1416 2929 {nutrcem-M

384 2970 503 3025 tinenrur
523 2960 749 3034 deliganturque.
771 2949 866 3004 Primo
887 2935 920 2998 τὸ
934 2932 1025 3011 ἄρθρον
1045 2945 1161 2993 vocant,
1182 2921 1226 2984 seu
1246 2916 1399 3009 articulum,

299 3055 300 3058 ’
383 3052 428 3107 vel
447 3045 624 3119 junuuram,
652 3032 782 3111 posterius
803 3049 850 3105 per
870 3022 999 3097 σύμφυσιν
1019 3014 1197 3090 exprimunt.
1227 3005 1260 3059 ln
1285 2998 1399 3057 articulo

387 3150 450 3193 mox
470 3122 615 3183 discrimen
634 3120 690 3184 est,
710 3132 740 3171 ut
760 3109 814 3169 offa
836 3107 911 3184 super
933 3102 959 3161 se
981 3112 1156 3158 moveantur,
1177 3088 1219 3145 vel
1237 3099 1331 3146 motu,
1352 3080 1400 3154 qui

387 3196 419 3269 in
437 3197 525 3268 sensus
547 3204 677 3267 incurrit,
697 3202 723 3253 ἃ
745 3196 844 3250 dicitur
866 3186 1041 3260 langeporte,
1061 3177 1105 3233 vel
1127 3188 1201 3230 motu
1222 3166 1355 3227 minimo,
1375 3164 1402 3215 δε

387 3296 437 3368 qui
459 3293 504 3345 viu
524 3280 686 3358 deprehendi
708 3276 792 3350 potest
811 3314 819 3339 ,
841 3277 866 3329 δε
887 3287 999 3328 vocatur
1019 3257 1219 3330 ravennnae.
1248 3240 1402 3317 Utriusque

386 3389 467 3435 vem,
488 3372 514 3423 δι
536 3358 710 3424 diarthrosrs‚
731 3361 756 3413 ἃ
769 3352 966 3427 summumne,
987 3366 1041 3403 tres
1063 3341 1139 3400 modi
1161 3336 1236 3394 sunt.
1257 3329 1333 3385 Nam
1353 3342 1404 3390 os,

386 3450 463 3529 quod
485 3463 565 3523 caput
586 3441 730 3501 rotundum
752 3437 862 3501 heber,
890 3438 918 3490 in
938 3432 1023 3489 finum
1044 3421 1209 3501 profundum
1230 3410 1373 3500 conjiciunt
1395 3444 1404 3471 ,

387 3539 414 3592 de
435 3546 546 3589 vocatur
566 3521 719 3597 {irrupere
739 3523 779 3576 as
801 3517 843 3574 vel
865 3515 922 3573 ollis
943 3526 1091 3572 extremum
1113 3516 1193 3579 eaput
1215 3491 1240 3551 se
1262 3487 1354 3548 inserit
1375 3490 1406 3542 in

388 3612 472 3673 finum
493 3612 582 3666 rninus
602 3603 768 3681 profundum
788 3640 797 3666 ,
817 3604 844 3654 ὃ(
865 3615 977 3655 vocatur
998 3582 1130 3664 ampulla
1150 3589 1164 3641 b
1183 3601 1190 3640 3
1211 3576 1254 3634 uel
1276 3573 1330 3629 duo
1351 3566 1406 3625 olla

390 3698 461 3752 iuter
482 3689 508 3748 se
529 3694 675 3763 junguntur
693 3725 702 3752 ,
723 3700 754 3739 ut
775 3698 920 3754 utrumque
941 3682 967 3734 ὃς
988 3673 1056 3730 finus
1077 3669 1177 3725 habear
1198 3665 1223 3717 &
1245 3650 1376 3732 processus
1399 3691 1408 3715 ‚

391 3795 475 3851 utque
497 3766 629 3846 processus
650 3770 677 3822 in
699 3764 767 3819 finus
789 3758 939 3816 inserantur
960 3798 969 3823 ,
998 3757 1041 3809 liis
1063 3769 1128 3806 vero
1151 3746 1189 3801 illi
1212 3739 1378 3812 excipiantur
1400 3772 1409 3796 ,

389 3856 464 3932 quod
486 3845 658 3907 commiffurae
680 3862 789 3920 genus,
811 3841 928 3895 cardinis
950 3835 1060 3896 modo,
1087 3828 1162 3904 quast
1186 3836 1307 3877 mutuum
1330 3857 1338 3882 ‚
1359 3832 1409 3869 uo-

388 3953 465 3994 catur
483 3927 628 4009 γίγλυμος
646 3948 680 3981 ε,
1244 3942 1246 3944 ,

419 4103 433 4130 a
448 4081 589 4131 Enarrhrosrs
604 4076 744 4127 dianlrrodes
761 4074 800 4122 seu
815 4087 870 4120 cum
886 4083 948 4117 motu
964 4065 1082 4115 insenius
1099 4063 1231 4109 incurrente
1245 4053 1296 4107 est,
1314 4049 1338 4095 in
1354 4045 1409 4093 arti-

389 4145 464 4200 culo,
480 4143 519 4189 ubi
536 4152 604 4199 caput
620 4136 711 4186 femoris
727 4134 786 4181 sinui
799 4131 935 4178 rotundo&
951 4128 1027 4175 altiori
1041 4140 1102 4172 coxae
1118 4119 1223 4166 inseritur
1239 4150 1245 4160 .
1270 4106 1410 4158 Enarthrosrs

390 4201 551 4260 synarthrodes
566 4235 575 4256 ,
591 4199 630 4244 seu
644 4209 700 4242 eum
714 4206 777 4238 motu
793 4191 895 4235 minimo
904 4190 937 4235 est
960 4188 986 4233 in
1002 4186 1075 4243 palma
1092 4195 1174 4228 manus
1191 4214 1198 4233 ,
1223 4175 1261 4221 seu
1278 4183 1364 4235 carpo.
1382 4168 1411 4210 In

391 4261 436 4307 hoc
451 4261 517 4306 enim
531 4273 556 4303 os
570 4257 700 4302 maximum
715 4287 723 4306 ‚
745 4251 783 4296 seu
798 4249 923 4304 capitatum
938 4247 963 4291 in
976 4243 1146 4301 profundiorem
1163 4238 1238 4282 sinum
1253 4229 1385 4279 demittitur
1401 4259 1409 4278 ,

393 4319 435 4378 qui
449 4333 479 4363 ex
494 4314 579 4370 iuneiis
594 4315 653 4359 inter
667 4310 691 4355 se
704 4308 818 4363 officuliS,
833 4306 912 4350 lunato
925 4320 951 4349 ac
967 4301 1111 4354 naviculari,
1127 4298 1235 4341 formatus
1250 4291 1298 4338 est.

423 4374 573 4422 bArthrodia
589 4368 729 4417 diarrhrodes
743 4366 775 4412 eli
792 4401 799 4421 ‚
823 4363 863 4409 ubi
878 4362 969 4408 humeri
984 4359 1102 4405 rotundius
1123 4367 1191 4409 caput
1215 4350 1273 4395 sinui
1293 4344 1412 4404 glenoideo

392 4434 535 4490 scapularum
549 4430 598 4474 offis
620 4426 747 4471 inserirur.
772 4421 893 4467 Arthrodia
910 4417 1069 4475 l'ynarthrodes
1092 4409 1271 4469 deprehenditur
1287 4406 1311 4450 in
1328 4402 1410 4459 pede,

392 4495 432 4551 ubi
448 4491 519 4542 maior
533 4486 635 4541 calcanei
652 4481 762 4540 procelius
776 4481 801 4524 in
818 4479 894 4523 finum
912 4478 961 4522 offis
975 4474 1114 4520 navicularia
1132 4468 1238 4515 inserirur
1257 4498 1262 4508 .
1288 4463 1364 4508 Etiam
1380 4475 1410 4504 ex

390 4561 472 4599 mente
487 4548 569 4593 horum
582 4542 761 4590 anatomieorum
780 4538 809 4583 ad
824 4535 964 4582 arthrodiam
985 4532 1064 4577 referri
1078 4529 1165 4574 debent
1181 4526 1216 4569 illi
1231 4521 1323 4569 articuli
1342 4556 1349 4575 ‚
1372 4517 1412 4562 ubi

392 4624 417 4656 os
430 4608 477 4654 fere
492 4606 588 4664 planum
603 4603 669 4659 super
682 4599 761 4653 aliud,
777 4597 837 4657 quod
852 4596 923 4642 etiarn
936 4593 1032 4651 planum
1045 4588 1078 4635 est
1097 4623 1104 4645 ,
1120 4596 1226 4630 movetur
1241 4618 1249 4638 ‚
1266 4598 1288 4626 v.
1308 4594 1328 4637 g.
1344 4576 1387 4623 olla
1404 4613 1412 4632 ,

393 4682 444 4726 que
458 4665 527 4712 cunei
541 4663 640 4720 liguram
653 4659 738 4704 habent
752 4656 777 4701 in
791 4654 864 4711 tarso,
881 4652 946 4711 super
961 4647 1093 4696 naviculare
1108 4660 1119 4703 3
1133 4640 1244 4701 procerius
1259 4636 1348 4695 obliqui
1362 4650 1414 4681 ver-

393 4726 509 4772 tebrarum
524 4721 582 4768 dorsi
600 4721 660 4765 inter
672 4717 711 4771 se,
727 4714 832 4771 iugulum
846 4714 911 4769 super
924 4710 1066 4757 acromium.

424 4800 435 4829 c
451 4780 595 4839 Ginglymur
611 4777 667 4823 rarii
682 4776 771 4833 generis
787 4773 834 4819 est.
853 4770 995 4829 Ginglymus
1008 4764 1150 4813 diarthrodes
1165 4760 1198 4809 est
1216 4759 1242 4805 in
1257 4751 1414 4813 junuurahu.

394 4842 455 4889 meri
469 4852 524 4886 cum
538 4838 600 4884 radio
614 4837 639 4882 dt
654 4834 724 4890 ulna,
739 4832 831 4880 femoris
847 4845 902 4877 cum
917 4830 987 4874 tibia.
1004 4824 1147 4882 Ginglymus
1163 4816 1325 4876 synarthrodes
1340 4812 1374 4859 est
1390 4813 1415 4857 in

397 4897 541 4947 commiffura
556 4895 657 4943 calcanei
670 4907 726 4939 cum
739 4890 860 4949 astragalo.
879 4887 1035 4945 Ginglyrnum
1048 4880 1182 4939 angularem
1202 4887 1302 4932 vocant,
1316 4872 1357 4919 ubi
1371 4872 1416 4917 duo

397 4959 507 5017 pluraque
520 4954 563 5002 oria
577 4954 638 5012 quast
652 4950 764 5009 angulum
779 4948 956 5006 repraesentant,
973 4961 996 4987 u.
1006 4959 1027 5001 g.
1043 4941 1154 4987 humerus
1173 4936 1197 4982 u
1211 4936 1267 4981 ulna
1283 4949 1336 4981 curn
1345 4931 1416 4985 radio,

398 5017 474 5063 femur
486 5015 511 5060 ἃ
527 5014 583 5060 tibia
599 5047 605 5057 .
630 5010 786 5067 Ginglymum
802 5006 920 5055 lateralem
936 5041 943 5061 ,
966 5004 1006 5047 ubi
1022 5001 1068 5058 ossa
1083 5015 1096 5044 e
1113 4998 1183 5043 latere
1199 4996 1260 5041 inter
1274 4994 1297 5039 se
1311 4990 1417 5039 commit-

399 5087 493 5130 tuntur,
512 5089 532 5117 v.
548 5088 569 5131 g.
585 5072 660 5119 radius
676 5069 701 5115 ὅ(
712 5068 770 5114 ulna
785 5104 793 5124 ,
809 5066 864 5112 tibia
881 5065 905 5111 δι
921 5063 992 5109 fibula
1008 5094 1013 5104 .
1031 5056 1146 5106 Nonnulli
1161 5055 1190 5101 ad
1205 5052 1344 5101 arthrodiam
1360 5047 1417 5095 refe-

399 5146 454 5201 runt
469 5168 476 5189 ,
499 5130 540 5177 alii
554 5132 583 5177 ab
596 5130 638 5176 hac
654 5128 679 5175 δι
696 5128 815 5186 giuglynro
829 5124 979 5181 distinguunt
994 5125 1020 5164 rr*
1033 5124 1098 5176 &pepe
1111 5118 1205 5175 uaporis}
1221 5150 1228 5170 ,
1252 5112 1293 5170 qui
1305 5108 1416 5156 articulus

400 5192 435 5238 est
448 5202 508 5237 inter
523 5190 620 5246 primam
635 5188 659 5233 ἃ
677 5186 802 5233 secundam
817 5184 918 5231 ceruicis
933 5179 1075 5236 vertebram,
1090 5177 1115 5223 δε
1131 5176 1200 5229 huius
1215 5170 1343 5230 processum
1349 5169 1419 5215 odon-

400 5250 517 5296 roideum.
536 5248 590 5296 Vid.
607 5254 749 5294 remundus
765 5246 789 5290 in
804 5251 946 5289 fintenum
964 5239 994 5286 de
1008 5237 1088 5285 ollibus
1104 5240 1158 5293 Cap.
1169 5236 1211 5281 VI.
1221 5232 1324 5289 inopen
1333 5244 1355 5287 p.
1365 5243 1417 5284 454.

848 5345 872 5410 §ss
899 5360 983 5411 1094.

442 5470 742 5555 Synarthrofineriuur,
762 5473 902 5535 nominant
923 5461 1129 5523 commissuram·
1150 5459 1244 5519 offiuur
1271 5455 1324 5513 fine
1344 5452 1418 5508 omni

401 5572 494 5648 motu.
516 5554 581 5608 Hae
602 5557 670 5611 ratio
690 5557 771 5610 etiam
794 5554 884 5609 uarios
907 5548 1002 5605 modos
1022 5542 1119 5603 haber.
1143 5545 1289 5605 Sumam,
1310 5537 1421 5592 harmo-

401 5654 499 5702 mam,
527 5651 611 5711 quam
632 5636 733 5705 aliiad
754 5632 873 5693 suturam
891 5629 1045 5696 referunt,
1064 5625 1207 5704 po'uporu
1227 5630 1239 5696 (
1259 5622 1370 5690 1074)
1392 5620 1421 5672 &
