4667 6609
556 2565 600 2603 DE
624 2568 1021 2609 FISTULALACRYMKALI.
1249 2569 1306 2625 1595

313 2721 366 2786 Illi³
380 2730 472 2803 iraque
492 2765 500 2790 ,
521 2726 581 2800 qui
601 2728 703 2784 callum
720 2729 751 2785 iu
768 2725 870 2787 >fistulis
890 2733 993 2808 requiri
1010 2724 1139 2811 negant,
1169 2738 1220 2797 has
1243 2739 1305 2796 aliis

269 2810 388 2868 ulcerum
410 2806 554 2884 generibus
576 2805 764 2876 commiscent,
786 2829 848 2867 cora
870 2830 961 2871 tamen
980 2818 1125 2881 omninoe
1147 2838 1175 2876 re
1196 2818 1306 2879 elsevi··
1379 2818 1381 2824 ‘

268 2892 392 2956 deatur,
422 2908 451 2945 ut
473 2890 529 2956 baec
549 2890 642 2947 omnia
661 2889 730 2947 ¹bene
751 2889 963 2963 discernantur,
984 2898 1051 2973 quia
1070 2898 1150 2972 plane
1172 2902 1299 2963 alsisse.

265 2974 362 3028 mediis
383 2972 413 3029 in
434 2969 605 3041 fistularum,
626 2990 686 3047 quac
706 2971 775 3030 callo
795 2974 886 3045 obsr'tae
908 2973 991 3043 sunt,
1011 2982 1152 3038 curatione
1172 3002 1240 3060 opus
1249 2989 1297 3055 est,

264 3071 353 3126 quarn.
368 3055 405 3111 ini
418 3050 546 3123 cujusvis.
560 3053 657 3111 ulceris
679 3054 823 3130 simplicis,
844 3057 888 3113 vel
910 3056 1005 3115 sanuofi
1026 3064 1188 3122 traclatione
1209 3110 1217 3123 .
1237 3070 1298 3126 Nee

264 3134 314 3195 illo
335 3130 361 3190 se
382 3132 509 3193 excusare
531 3152 678 3211 poterunt,
699 3137 773 3213 quod
795 3157 843 3212 per
859 3136 980 3207 ,fistulam
1003 3146 1047 3198 ani
1068 3144 1153 3220 vulgo
1174 3150 1295 3225 quodvis

264 3215 360 3283 ulcus,
382 3235 471 3292 partes
493 3218 556 3274 illas
576 3237 712 3294 occupans
733 3260 742 3287 ,
763 3218 898 3295 designari
919 3218 1021 3282 soleam
1044 3225 1111 3300 quia
1133 3246 1188 3285 non
1208 3228 1295 3304 solum

266 3297 322 3355 hac
344 3298 434 3355 ulcera
456 3318 518 3355 raro
541 3300 595 3357 fine
615 3302 705 3367 cal10,
726 3320 782 3378 quo
803 3299 863 3377 ipso
883 3305 938 3374 jam
960 3304 996 3360 ad
1016 3302 1118 3364 listulas
1139 3308 1234 3369 referri
1251 3314 1299 3371 de-

265 3379 349 3446 bent,
371 3384 560 3456 reperiuntur,
581 3400 637 3439 tam
658 3402 768 3459 propter
788 3384 842 3441 loci
861 3402 1004 3453 naturam,
1025 3392 1052 3445 ἃ
1073 3390 1242 3461 humorum,
1263 3416 1318 3453 ert*

264 3462 366 3537 quibus
388 3465 414 3523 is¹
434 3462 514 3521 facile
528 3482 681 3541 ¹generatur
701 3464 842 3543 copiosum
865 3468 1004 3530 adnixum
1027 3512 1036 3539 ,
1057 3490 1141 3549 quam
1163 3495 1298 3553 aegrorum

264 3543 477 3621 intempestivam
500 3548 711 3618 verecundiam,
732 3569 863 3627 qua'non
884 3550 933 3607 nifi
955 3549 1057 3613 somma
1079 3555 1227 3614 ueceffitare
1241 3579 1298 3616 co-

265 3628 337 3693 aui,
359 3628 394 3684 acl
417 3629 518 3685 auxilia
540 3631 729 3707 chirurgorum
751 3632 934 3707 confugiunt.
957 3634 1089 3690 Preterea
1110 3640 1194 3693 etiam
1216 3643 1245 3694 in
1257 3659 1300 3695 re·

266 3706 318 3764 bus
340 3707 429 3774 hisce,
451 3730 509 3780 qua
531 3714 626 3784 quoad
648 3713 768 3767 indolem
789 3710 866 3768 snam
887 3714 956 3767 adeo
976 3712 1125 3782 differunt,
1147 3721 1301 3777 accuratior

263 3788 348 3863 paulo
368 3788 526 3855 distinclio,
548 3793 574 3845 bc
594 3790 734 3845 nominum
757 3809 773 3846 a
794 3790 877 3866 longo
895 3808 1017 3866 tempore
1039 3796 1093 3852 illis
1115 3798 1303 3875 impostorum

267 3867 348 3934 usus,
370 3889 425 3925 non
447 3870 516 3926 adeo
537 3871 749 3928 contemnendus
771 3873 899 3931 videturs
922 3878 949 3929 bc
968 3875 1161 3937 mallem'sane
1182 3901 1302 3940 cumve-

266 3950 369 4007 teribus
393 3953 459 4007 artis
481 3948 607 4021 salutaris
629 3951 773 4008 {latoribus
796 3993 805 4018 ,
826 3971 909 4028 quam
931 3973 993 4012 cum
1015 3958 1099 4032 vulgo
1121 3960 1216 4037 loqui.
1240 3965 1302 4021 Nec

268 4031 347 4089 facile
368 4033 451 4108 paulo
471 4034 648 4103 exercitatior
669 4033 833 4109 chirurgus,
855 4032 1001 4092 abscessum
1022 4036 1187 4113 simplicem,
1208 4044 1251 4100 vel
1272 4047 1301 4102 io

266 4134 339 4181 ano,
361 4113 405 4171 vel
427 4116 454 4170 in
476 4133 649 4192 quacumque
671 4119 791 4190 corporis
813 4132 889 4190 parte
909 4134 1002 4174 ortum
1023 4160 1032 4186 ,
1053 4118 1146 4180 fistulae
1167 4124 1227 4182 loco
1250 4126 1301 4182 ha-

266 4196 370 4262 bebit,
393 4195 439 4251 nib
461 4198 506 4253 vel
528 4198 603 4254 lucro
625 4196 667 4254 vel
690 4196 767 4253 fama
789 4199 922 4267 inbians,
944 4199 1006 4256 aliis
1028 4203 1117 4259 morbi
1137 4208 1300 4280 gravi-tatem

267 4277 427 4353 persuadere
449 4279 533 4344 velit,
556 4296 586 4340 ut
607 4277 659 4345 sic,
679 4277 698 4333 st
719 4282 812 4335 omnia
828 4280 897 4336 bene
914 4282 1124 4355 perpendimuS,
1145 4306 1221 4344 extra
1240 4310 1301 4347 om-

266 4379 301 4416 ne
322 4360 438 4417 dubium
460 4358 490 4414 fir
510 4354 654 4434 politum,
676 4357 766 4417 fistula
787 4376 920 4422 naturam,
935 4361 1151 4433 calloablolri,
1173 4373 1199 4424 ἃ
1221 4389 1237 4425 a
1259 4391 1302 4429 re·

265 4442 351 4520 liquis
375 4440 510 4499 ulceribus
533 4440 679 4517 distingui.
746 4463 748 4465 ·

310 4609 371 4663 Hoc
393 4624 458 4662 vero
478 4607 562 4675 etiam
583 4608 611 4661 in
634 4602 724 4662 fistulae
744 4607 900 4680 lacrymalis
922 4608 1044 4676 theoria,
1064 4611 1100 4667 ad
1122 4630 1205 4687 quam
1227 4634 1300 4674 nunc

264 4690 375 4764 propius
398 4687 568 4755 accedimus,
588 4686 742 4747 obtinebits
765 4687 898 4745 necessitas
918 4708 984 4760 vero
1005 4692 1140 4765 postulare
1161 4696 1298 4766 videtur,

265 4783 296 4827 ut
317 4767 478 4825 succinsram
501 4769 619 4839 illarum·
633 4770 771 4845 partium,
791 4772 921 4846 qnaehoe
934 4772 1033 4829 morbo
1053 4772 1224 4844 alliciuntur,
1247 4780 1297 4837 de,

263 4852 437 4909 lineationem
458 4854 668 4926 praemittamus,
692 4852 829 4929 Equidem
840 4873 889 4912 nos
910 4853 964 4912 hoc
984 4855 1078 4913 labore
1090 4858 1297 4919 ,commodem-

262 4930 401 5009 persedere
420 4929 509 5009 posse,
533 4926 605 4990 sorte
626 4933 727 5009 aliquis
748 4934 960 5004 existimaverit,
981 4957 1042 4995 cum
1064 4938 1137 4996 illud
1157 4944 1211 5012 jam
1229 4962 1298 5017 pro-

261 5017 317 5071 lixe
337 5020 364 5071 bc
386 5013 450 5073 satis
472 5033 597 5086 accurate
618 5016 653 5073 ab
676 5017 736 5073 aliis
758 5013 865 5075 fastum
886 5018 1027 5077 videamus
1047 5041 1055 5080 ς
1079 5022 1135 5096 (a)
1158 5042 1296 5094 attamen,

260 5099 327 5174 quia
349 5114 410 5159 ante
432 5096 546 5175 aliquod
565 5116 671 5175 tempus
693 5118 769 5157 novae
790 5099 826 5156 de
844 5101 888 5158 his
905 5102 1029 5178 partibus
1048 5108 1294 5165 controversaren-

262 5197 327 5236 ortae
349 5178 477 5248 suerunt,
499 5199 554 5254 non
576 5182 644 5240 adeo
666 5183 848 5258 incongruum
870 5187 941 5251 erir,
962 5185 982 5241 fi
1003 5189 1030 5241 bc
1052 5186 1114 5243 illas
1135 5191 1226 5263 paucis
1250 5209 1296 5247 ar-

261 5264 391 5338 tingimus
412 5304 420 5329 ,
441 5267 468 5319 bc
490 5266 518 5318 in
539 5265 656 5339 gratiam
678 5283 771 5325 eorum
791 5306 800 5331 ,
822 5270 873 5342 qui
895 5269 938 5324 bis
961 5269 1124 5327 annotabis
1144 5272 1294 5333 destituun-

260 5362 324 5411 tur,
344 5345 455 5401 brevem
477 5340 684 5420 desrriprionem
705 5348 913 5422 praemittimus.
937 5352 1074 5408 Omnibus
1095 5356 1235 5430 cognitum
1247 5359 1295 5427 esi,

260 5427 353 5483 oculos
375 5426 489 5484 humore
511 5428 606 5504 aliquo
627 5429 775 5506 indigere,
796 5448 853 5507 quo
874 5474 882 5499 ,
905 5450 935 5490 ut
956 5451 1050 5490 eorum
1069 5452 1164 5497 motus
1184 5430 1297 5495 sacilior'

260 5508 318 5576 stt,
338 5510 497 5576 irroretur,
519 5506 665 5579 secernitur
687 5514 731 5575 hic
751 5533 785 5569 es
806 5512 936 5589 glandula
958 5514 1007 5571 illa
1028 5557 1041 5583 ,V
1058 5535 1121 5593 quae
1143 5520 1177 5576 ad
1198 5519 1295 5579 orbita

260 5589 392 5658 limbum,
414 5593 442 5648 in
462 5587 595 5666 superiori
615 5592 690 5652 oculi
710 5613 805 5671 parte,
827 5614 911 5673 prope
933 5597 1064 5674 angulum
1085 5618 1225 5659 externum
1247 5602 1296 5661 sna

260 5673 325 5741 cll,
354 5678 379 5733 δε
403 5670 450 5734 sub
470 5675 599 5755 palpebra
622 5674 753 5759 superiori
774 5678 874 5759 aulius
896 5680 1195 5761 aliquot-excretorios
1216 5688 1297 5745 emir*
