4667 6609
178 2698 312 2757 omnium
345 2714 407 2777 quae
442 2691 573 2751 incidere
602 2688 752 2768 possum·
790 2690 904 2751 Parum
928 2691 1003 2773 saepe
1028 2692 1199 2775 proficiunt

179 2796 311 2868 tirones,
336 2796 387 2873 qui
406 2794 482 2849 hane
501 2785 655 2845 medicina
673 2802 794 2864 partem
813 2806 831 2845 a
852 2791 1001 2869 magistris
1021 2793 1203 2873 accipiunt,

179 2893 258 2969 qui,
292 2892 347 2950 usu
371 2902 495 2945 tautum
520 2880 643 2955 edocti,
672 2883 841 2963 aliquando
868 2884 950 2948 intra
976 2910 1085 2967 paucas
1111 2892 1206 2952 horas

179 3006 298 3048 omnem
326 2979 480 3058 chirurgia
502 2978 669 3048 dedititiam
694 2980 922 3060 exsequuntur.
949 2984 1136 3047 Plurimum
1151 3008 1205 3047 au·

180 3098 244 3141 rem
269 3084 306 3140 ab
329 3077 375 3137 his
400 3076 448 3137 illi
473 3075 588 3136 discere
611 3094 773 3155 poterunt,
802 3078 844 3150 si,
869 3081 942 3137 dum
960 3101 1011 3141 eos
1031 3078 1213 3159 accedunt,'

177 3181 311 3243 animum
337 3172 516 3233 accuratiori
542 3174 679 3233 omnium
714 3174 839 3232 illarum
877 3195 979 3235 rerum
1010 3182 1123 3239 notitia
1149 3183 1204 3241 lia·

177 3276 493 3351 beant-praeparatum
514 3287 606 3351 atque
628 3270 827 3349 praecultum.
856 3270 1068 3333 Nihilominus
1094 3293 1203 3333 tamen

176 3367 289 3441 mihis,
320 3358 514 3445 omnibusque
554 3368 606 3446 qui
631 3386 731 3430 artem
755 3367 921 3428 salutarem
964 3369 995 3425 in
1038 3372 1097 3431 hac
1124 3370 1203 3432 Aca·

175 3464 273 3522 demia
307 3463 356 3524 vel
388 3464 573 3543 profitentur
605 3465 654 3523 vel
685 3466 838 3541 discunt,
875 3466 907 3525 in
942 3466 1024 3527 votis
1058 3468 1100 3527 est
1118 3514 1131 3548 ‚
1152 3486 1203 3529 ut

175 3558 249 3617 olim
274 3560 428 3640 chirurgiae
452 3560 550 3632 major
573 3559 666 3621 honos
690 3564 864 3635 habeatur,
892 3580 924 3621 et
949 3564 1065 3623 occasio
1099 3564 1203 3625 nasca-

174 3672 224 3712 tur
240 3699 250 3727 ,
286 3676 343 3733 qua
368 3656 421 3715 illa
448 3658 543 3716 etiam
567 3660 648 3735 apud
673 3678 725 3717 nos
749 3659 783 3715 in
813 3658 1041 3719 valetudinario
1067 3680 1121 3739 per
1149 3681 1203 3718 ei:-

175 3750 344 3827 perimenta
368 3751 456 3833 possit
480 3753 612 3814 addisci.
639 3750 698 3814 Sed
723 3774 818 3829 vero,
845 3774 901 3815 cur
915 3758 969 3815 has
988 3756 1202 3817 Institutiones
1238 3841 1241 3845 Ι

176 3844 362 3924 scripserim,
387 3850 496 3931 easque
519 3851 551 3908 in
575 3850 676 3911 lucem
701 3852 871 3927 ediderim,
893 3855 960 3925 jam
983 3853 1114 3932 paucis,
1142 3855 1203 3913 Le·

174 3938 238 4001 dior
265 3944 440 4021 benevole,
472 3948 606 4027 accipies
629 3993 638 4007 .
669 3950 869 4029 Chirurgiam
894 3951 1015 4010 docenti
1039 3951 1140 4012 defuit
1166 3951 1203 4010 li-

175 4036 297 4111 bellus,
321 4042 374 4119 qui
400 4061 561 4120 utramque
587 4045 773 4122 chirurgiam
791 4092 803 4120 ,
820 4064 909 4105 tum·
923 4048 1104 4124 medicam,
1131 4068 1201 4108 tum

174 4132 372 4206 manualem,
405 4137 539 4194 dilucide
573 4152 606 4193 et
641 4138 673 4192 in
706 4142 888 4215 compendio
927 4161 1114 4220 exponeret.
1151 4146 1201 4204 Ut

176 4226 266 4299 igitur
291 4226 437 4283 discentes
463 4228 613 4283 diciorum
639 4232 821 4292 memoriam
838 4235 923 4291 brevi
947 4238 1134 4311 repetitione
1152 4259 1200 4298 re·

177 4318 265 4376 ficere
289 4318 426 4401 possent²
455 4322 507 4378 has
533 4320 634 4380 theses
658 4324 839 4404 conscripsi,
863 4349 928 4408 quae
947 4330 1141 4407 postmodum
1160 4337 1200 4403 ab

171 4412 217 4471 his
241 4413 402 4473 multoties
432 4416 647 4495 transcriptae,
689 4436 721 4479 et
756 4424 794 4480 ob
819 4423 852 4481 id
877 4427 972 4486 etiam
995 4430 1200 4490 mendosores

176 4505 259 4568 sadlae
294 4508 448 4583 fuerunt.
481 4512 547 4570 Has
572 4534 644 4573 vero
668 4515 713 4575 ita
739 4515 899 4596 disposui,
927 4527 1056 4601 ut‚ab
1080 4528 1200 4587 inflam-

177 4607 341 4677 matione,
376 4603 471 4683 quam
495 4628 564 4665 cum
590 4608 728 4684 plurimis
754 4616 872 4693 noxis,
906 4634 939 4675 et
969 4602 1197 4681 cum‘vulneri.

176 4699 229 4757 hus
255 4701 349 4757 etiam
375 4720 440 4777 quae
476 4722 493 4759 a
528 4700 667 4782 chirurgo
693 4705 801 4782 fiunt,
827 4710 885 4769 esse
910 4731 1033 4790 oportet
1049 4762 1059 4789 ‚
1094 4719 1198 4795 orsus,

178 4794 235 4853 hac
269 4794 348 4872 quasi
381 4816 473 4856 manu
507 4798 635 4859 ducente
670 4802 709 4860 ad
741 4804 802 4873 ejus
827 4805 918 4890 supra
940 4830 1198 4876 commemoratos

176 4887 298 4947 effeetus
336 4907 367 4948 et
402 4913 438 4950 ea
477 4912 540 4971 quae
564 4894 628 4953 hos'
644 4897 892 4979 consequuntur,
927 4905 1039 4965 fuerim
1064 4901 1199 4991 progres-

153 4984 250 5056 'sus;
274 4985 326 5065 qui
352 4987 493 5066 deinceps
520 4988 699 5068 vulnerum,
726 5012 902 5075 tumorum,
927 5003 1090 5080 ulcerum,
1117 5008 1199 5069 sistu-

177 5078 278 5137 larum
317 5083 399 5140 varia
424 5105 532 5163 genera
559 5130 570 5159 ,
612 5087 716 5148 ossium
747 5094 843 5153 etiam
877 5100 997 5159 morbos
1038 5103 1199 5167 exsecutus

177 5172 275 5248 sum3
309 5179 341 5234 e't
374 5179 433 5239 alia
459 5184 593 5261 quaedam
628 5186 704 5246 vitia
740 5191 842 5251 addidi
867 5237 879 5269 ,
920 5216 984 5274 quae
1015 5198 1198 5279 singularem

178 5290 244 5347 quae
268 5291 359 5329 manu
384 5275 448 5355 fit,
474 5279 665 5340 curationem¹
685 5285 861 5363 postulant(
879 5290 1084 5373 Reliquorum
1112 5301 1197 5359 enim

179 5368 351 5426 morborum
385 5375 565 5451 expositioni
601 5398 673 5436 mox
707 5381 906 5446 efficaciorem
937 5378 1079 5453 medendi
1103 5397 1200 5458 ratio.

178 5464 246 5521 ne'm
270 5464 409 5535 subjunxi
426 5468 445 5542 ;‘
469 5472 500 5530 id
525 5474 605 5551 quod
629 5476 678 5534 vel
703 5478 774 5539 ideo
796 5484 894 5565 magis
916 5478 1127 5571 opportunum
1152 5496 1197 5555 vi·

176 5555 241 5616 sum
266 5558 356 5635 suit,
381 5564 489 5642 quod,
514 5569 536 5627 fi
565 5569 623 5629 ille.
646 5575 843 5656 curationes,
870 5570 919 5641 vel
943 5574 983 5648 sic
1008 5590 1095 5651 diua
1124 5612 1196 5671 ope.

177 5654 309 5723 rationes
342 5658 464 5744 seorsim
498 5669 687 5747 traduntur,
719 5672 794 5756 saepe
817 5683 929 5753 necesse
953 5678 1028 5762 est,
1059 5690 1193 5753 tironum
