4667 6609
465 2417 512 2476 59⁶
733 2438 736 2439 γ
794 2403 1178 2447 brsszararto

461 2504 511 2559 tir.
533 2490 650 2569 Aliquid
670 2489 752 2548 etiam
772 2487 897 2546 conferre
918 2485 1043 2545 videntur
1064 2476 1177 2557 copiosae
1198 2478 1251 2537 istae
1273 2480 1391 2537 minores
1400 2483 1478 2554 glan.

459 2582 547 2646 dulae,
568 2572 800 2639 sebaceedimae,
819 2590 889 2648 quas
910 2583 1058 2629 Huuatcus
1074 2577 1238 2623 Mataourus
1255 2562 1480 2637 primusdetexir

461 2668 488 2721 bc
509 2655 671 2735 descripsit,
700 2658 841 2732 aquo&
871 2652 1061 2711 Meibomianae
1081 2651 1118 2705 ab
1145 2646 1302 2703 anatomicis
1324 2645 1416 2702 vocari
1438 2639 1482 2699 so·

462 2746 538 2802 lent:
560 2743 612 2818 (b)
633 2737 827 2813 Palpebrarum
849 2733 1065 2793 extremitatibus
1087 2730 1210 2803 adjacent
1231 2728 1310 2797 illae,
1332 2744 1362 2785 ut
1383 2745 1417 2782 ex
1434 2721 1482 2780 iis-

461 2827 522 2883 dem
543 2826 640 2881 humor
661 2819 742 2877 facile
762 2821 927 2896 exprimatur
948 2858 957 2885 ,
986 2816 1034 2891 qui
1055 2830 1146 2871 tamen
1167 2814 1195 2868 in
1216 2809 1393 2869 cadaveribus
1415 2802 1481 2882 spis-

461 2907 515 2965 sior
534 2903 695 2963 observatur
715 2922 797 2980 quam
818 2904 847 2957 in
866 2900 958 2965 vivis,
978 2902 1004 2953 ἃ
1027 2915 1112 2971 nuper
1134 2894 1280 2952 admodum
1291 2892 1450 2949 {demortuis
1474 2931 1481 2944 .

461 2987 596 3048 Nonnulli
617 2987 660 3044 his
680 2987 791 3062 organis
811 2981 975 3040 addiderunt
996 2980 1104 3035 tertiam
1126 2978 1308 3054 glandulam,
1336 2992 1421 3051 quam
1443 2973 1484 3027 la-

463 3072 609 3147 crymalem
630 3069 761 3125 minorem
791 3064 1024 3141 appellaverunt,
1052 3077 1162 3136 propter
1184 3062 1315 3116 minorem
1343 3058 1402 3126 ejus
1424 3072 1483 3111 nro-

465 3155 545 3219 lem,
575 3171 633 3228 quae
654 3154 683 3205 in
704 3149 800 3219 majori
830 3145 883 3203 five
904 3148 1010 3203 interno
1030 3143 1104 3200 oculi
1126 3143 1226 3200 cantho
1254 3136 1395 3214 conspicua
1415 3136 1482 3192 est.

463 3234 517 3292 Sed
537 3234 696 3291 recentiores
709 3247 711 3249 '
724 3227 901 3287 observarunt
922 3269 931 3295 ,
961 3226 1082 3283 eamdem
1105 3226 1202 3282 molem
1232 3226 1322 3299 potius
1343 3214 1484 3276 carnosam

462 3313 533 3382 effe,
553 3320 579 3373 δε
601 3316 628 3369 iu
649 3313 760 3369 homine
780 3312 848 3379 alii,
868 3329 950 3387 quam
972 3306 1126 3365 secretionis
1148 3308 1257 3382 negotio
1279 3300 1432 3359 inserviret
1455 3315 1485 3354 ut

462 3416 527 3455 mox
549 3395 742 3454 ostendemus.
771 3394 818 3450 lsti
840 3410 930 3449 autem
951 3392 1078 3449 humores
1100 3430 1109 3457 ,
1139 3406 1256 3466 quorum
1278 3404 1374 3462 magna
1395 3381 1493 3458 portio

464 3480 553 3537 calore
575 3476 691 3534 naturali
712 3474 828 3547 dilitpari
852 3475 984 3541 videtur,
1006 3492 1040 3530 ur
1057 3468 1149 3530 rursus
1171 3468 1384 3533 absorbeantur,
1406 3480 1486 3520 natu·

465 3580 496 3617 ra
518 3561 631 3636 provida
651 3561 723 3615 viam
744 3559 779 3614 ad
801 3576 879 3614 nares
900 3556 1019 3631 patulam
1040 3555 1214 3617 construxit,
1244 3548 1369 3606 subtilem
1386 3547 1488 3602 admo·

464 3643 579 3697 dum&
600 3637 799 3705 artificiosam,
829 3656 888 3711 quae
908 3636 1016 3710 propria
1038 3632 1129 3689 fistulae
1150 3630 1303 3704 lacrymalis
1325 3626 1399 3685 sedes
1421 3628 1458 3682 est
1479 3668 1487 3682 .

464 3720 680 3794 Conspiciuntur
699 3721 734 3771 ad
755 3734 874 3770 extrema
905 3717 966 3767 tarsi
996 3711 1140 3784 utriusque
1159 3712 1376 3783 palpebrarum,
1405 3723 1488 3780 prope

465 3802 594 3876 angulum
616 3800 745 3867 maiorem
765 3795 858 3860 oculi,
879 3793 960 3849 exilia
981 3791 1038 3847 duo
1060 3790 1254 3856 foraminum,
1275 3788 1392 3864 quorum
1413 3788 1489 3862 prin-

464 3884 535 3957 cipia
557 3878 648 3936 subtili
670 3878 836 3943 admodum,
857 3875 892 3931 ad
913 3872 1080 3948 cartilaginis
1102 3890 1228 3929 naturam
1239 3872 1380 3928 accedente
1402 3888 1491 3926 annua

465 3964 494 4021 lo
515 3964 674 4038 cingunturt
697 3957 757 4016 sunt
767 3977 831 4016 vero
850 3955 955 4013 orificia
976 3954 1108 4011 duduum
1126 3955 1280 4022 minorum,
1301 3956 1351 4029 qui
1371 3969 1490 4009 exutra-

466 4065 520 4123 que
541 4044 757 4119 palpebrarum,
778 4042 812 4097 ad
834 4040 962 4115 angulum
982 4039 1119 4094 internum
1140 4038 1211 4094 oculi
1230 4055 1242 4103 ,⁴
1266 4055 1343 4092 nares
1365 4031 1459 4091 versus
1480 4075 1490 4102 ‚

464 4142 648 4191 concurrunt,
669 4128 695 4180 ἃ
716 4124 756 4179 ibi
778 4125 807 4178 in
828 4140 911 4177 unum
932 4138 1056 4176 truncum
1078 4126 1194 4176 coeunt.
1218 4120 1357 4175 Vocantur
1376 4136 1441 4173 vero
1460 4116 1490 4173 hi

468 4226 563 4265 tenues
572 4205 721 4262 admodum
742 4203 937 4277 canalesuulgo
957 4200 1054 4276 dubius
1076 4201 1253 4273 lacrymales>
1274 4201 1308 4256 ab
1328 4200 1407 4265 aliis,
1426 4218 1491 4274 pro-

469 4308 529 4365 pter
549 4287 688 4363 figuram,
710 4304 790 4359 quam
812 4283 960 4346 referunt,
982 4300 1083 4336 cornua
1105 4281 1258 4345 limacum,
1280 4283 1314 4336 ab
1336 4282 1395 4337 aliis
1418 4275 1493 4338 mea-

470 4389 512 4425 tus
533 4366 719 4441 lacrymales‚
749 4368 775 4419 δε
798 4364 832 4418 ab
856 4364 917 4417 aliis
938 4361 1054 4436 denique
1076 4363 1182 4416 canales
1212 4363 1372 4436 lacrymales
1393 4364 1491 4419 latera-

468 4453 525 4507 les:
546 4467 641 4524 parum
662 4464 752 4502 tamen
773 4444 807 4501 ad
829 4463 885 4501 rem
908 4441 996 4499 facere
1017 4442 1157 4510 videtur,
1186 4461 1241 4518 quo
1263 4447 1372 4499 nomine
1388 4445 1492 4520 aliquis

470 4533 535 4589 istos
557 4528 681 4604 infignire
703 4527 784 4585 velit.
806 4525 928 4603 Qando
949 4526 978 4580 in
1000 4543 1083 4581 unum
1103 4524 1262 4581 coaluerunt
1283 4526 1423 4590 canalem>
1444 4528 1492 4602 qui

469 4612 569 4669 deinde
590 4612 703 4685 amplior
724 4606 779 4676 fit,
800 4613 826 4664 ἃ
849 4604 952 4664 saccum
973 4606 1147 4680 lacrymalem
1169 4608 1333 4674 constituit,
1365 4610 1493 4684 angulum

470 4716 532 4752 cum
553 4694 638 4749 duciu
658 4689 740 4748 nasali
761 4688 936 4756 describunt,v
955 4688 1005 4764 qul
1026 4708 1122 4746 acutus
1140 4692 1244 4766 magis,
1266 4688 1363 4747 insitu
1385 4687 1494 4748 suona-

462 4777 581 4847 turali,
609 4775 802 4851 quamrecfius
823 4773 1057 4848 deprehenditur.
1088 4773 1186 4831 Saccus
1214 4775 1285 4829 euim
1307 4773 1463 4847 lacrymulis
1485 4815 1494 4840 ,

471 4863 520 4937 qui
542 4857 577 4913 ab
599 4872 713 4913 Auctio
739 4854 941 4912 infundibulum
964 4872 1102 4922 vocatur,
1133 4855 1168 4909 ad
1194 4856 1323 4911 interiora
1354 4856 1462 4911 narium
1485 4897 1494 4921 ,

411 4981 413 4983 -
472 4938 683 5018 perpendiculari
706 4936 761 4995 fere
783 4956 875 4995 meatu
895 4933 1061 5003 descendit,
1091 4938 1130 4991 ita
1151 4954 1268 5004 tamen,
1299 4952 1328 4993 ut
1348 4934 1440 4994 senfim
1464 4928 1495 4994 ac

473 5021 569 5080 semim
583 5021 722 5095 ‘angustior
742 5018 808 5086 fiat,
828 5021 913 5077 donec
934 5020 1006 5076 circa
1027 5015 1082 5075 olla
1103 5018 1209 5075 narium
1231 5061 1240 5087 ‚
1261 5038 1321 5095 quae
1343 5021 1377 5077 ab
1399 5037 1495 5078 anato-

472 5106 553 5162 micis
575 5102 712 5159 turbinata
734 5103 918 5178 appellantur,
939 5098 1082 5161 inseritur.
1263 5098 1264 5101 ’

474 5290 477 5291 γ
504 5247 555 5299 (a)
573 5246 603 5290 V.
618 5240 640 5288 la
654 5240 922 5292 NouvelleMethodede
936 5244 1011 5302 guerit
1026 5242 1060 5289 les
1073 5240 1162 5289 fistules
1177 5240 1359 5299 lacrymalespar
1375 5244 1486 5287 Mamur.

476 5303 490 5349 b
507 5303 585 5350 Turin
602 5314 658 5359 1713.
675 5316 723 5360 pag.
740 5318 778 5357 27·
795 5318 866 5360 quem
881 5303 971 5350 secutus
986 5302 1019 5349 est
1036 5299 1113 5348 celeb.
1133 5306 1297 5348 HErernus
1320 5303 1345 5347 in
1362 5300 1453 5347 Differt.
1469 5316 1489 5346 e,

475 5367 531 5420 Cap.
547 5365 578 5407 ΙΙ.
597 5374 645 5418 pag.
655 5372 686 5404 ιο.
703 5364 862 5407 Moucnortr
879 5362 1014 5411 adversaria
1029 5360 1165 5408 Auammiea
1180 5365 1198 5408 Ι,
1217 5376 1237 5419 p.
1253 5378 1292 5418 29·
1308 5360 1334 5407 re
1351 5376 1401 5419 quae
1419 5373 1492 5415 nuper

392 5453 397 5455 -
476 5422 565 5470 aceeffit
579 5422 639 5477 Jorr.
656 5420 799 5476 BAPHSTAE
816 5425 938 5468 Binucur
956 5420 1083 5477 Dirlerratio
1098 5420 1229 5478 Epistolaris
1243 5422 1273 5467 de
1287 5418 1400 5468 dutiuum
1416 5416 1490 5474 lacry-

474 5480 573 5525 malium
589 5492 699 5526 novorum
713 5494 815 5527 anatome
831 5518 839 5539 ,
854 5481 946 5539 usibus,
964 5480 1068 5539 morbis,
1084 5480 1281 5527 accurationibus
1296 5480 1324 5526 ad
1340 5482 1489 5533 JOSEPHUM

475 5540 626 5597 Lanatam,
643 5536 734 5586 Ptol&
747 5540 1054 5593 MedicumFerrariensem.
1073 5539 1135 5590 Vide
1150 5540 1209 5588 hanc
1217 5540 1244 5587 in
1261 5542 1400 5587 Murcum
1417 5536 1491 5585 Thea-
