4667 6609
421 2596 469 2662 με
818 2573 1016 2617 stoan

417 2684 520 2756 orbus
541 2681 594 2747 illae
614 2691 728 2748 mortem
748 2673 926 2741 denunciant,
947 2660 1091 2725 maximefi
1112 2662 1220 2739 ephthar
1240 2660 1269 2717 in
1289 2661 1428 2724 elatiorem

419 2765 532 2822 crustam
551 2764 741 2840 degenerant,
762 2760 789 2813 δι
811 2757 866 2813 baec
888 2753 922 2810 ab
943 2746 1118 2808 inferioribus
1141 2743 1264 2825 faucibus
1285 2740 1360 2815 quast
1379 2746 1429 2797 ad-

418 2843 546 2904 stendit.
568 2846 641 2919 Saepe
662 2841 747 2916 igitur
768 2839 850 2895 etiam
872 2836 932 2893 aliis
954 2829 1075 2890 febribus
1094 2826 1252 2889 accedunt,
1272 2825 1299 2879 &
1320 2819 1431 2876 tabidos,

418 2946 530 3004 quoque
549 2945 582 2983 ac
602 2919 748 3001 phthificos
768 2938 824 2980 non
844 2936 938 2996 parum
966 2912 1144 2972 excruciant.
1176 2907 1204 2963 Si
1226 2921 1290 2960 veto
1311 2902 1428 2958 alienum

418 3005 617 3083 obscurumque
637 3004 756 3061 colorem
783 3003 944 3077 accipiunt,
970 2998 1124 3072 plerumque
1136 2990 1140 2999 '
1151 2986 1293 3065 gangrena
1304 2979 1400 3039 -subtst
1419 3021 1428 3049 ‚

417 3108 478 3167 quae
499 3090 595 3146 mortis
617 3086 698 3143 index
718 3080 770 3141 effe
790 3080 875 3141 folet.
896 3082 956 3158 Nec
976 3077 1027 3135 fine
1042 3071 1161 3151 periculo
1182 3067 1256 3134 sunt,
1275 3083 1336 3143 quae
1356 3057 1430 3118 refo-

417 3173 482 3229 lutae
502 3171 617 3228 celerius
639 3163 837 3225 renascuntur.
859 3161 974 3220 Morbus
995 3161 1024 3215 in
1043 3157 1110 3214 locis
1131 3151 1293 3229 paludosis,
1314 3144 1429 3202 maxime

419 3254 450 3311 in
469 3253 595 3329 belgio,
625 3246 793 3326 frequentior
813 3249 840 3302 δε
860 3244 933 3318 quast
953 3240 1093 3297 eudemius
1113 3232 1165 3293 effe
1185 3230 1278 3290 folet.
1310 3226 1429 3284 Infantes

420 3335 541 3391 crebrius
562 3335 597 3389 iis
617 3332 742 3389 laborant
759 3367 768 3393 2
788 3324 806 3381 fi
827 3325 897 3380 lacit
919 3322 1015 3379 vitiato
1036 3320 1175 3384 aluntur,
1195 3319 1220 3374 δὲ
1242 3313 1294 3372 hoc
1314 3311 1343 3366 in
1363 3325 1431 3367 ven·

418 3415 517 3471 triculo
537 3413 658 3469 coacuit,
679 3472 682 3475 ⁴
1355 3429 1357 3432 ,
1424 3425 1426 3427 ,

862 3495 888 3553 §-
916 3503 983 3558 925·

460 3576 489 3632 Si
510 3568 617 3650 aphthae
644 3590 678 3630 ex
698 3569 770 3627 mala
796 3568 962 3644 ardenreque
989 3565 1064 3625 febre
1084 3555 1255 3626 nascuntur,
1285 3556 1349 3614 huic
1370 3567 1433 3611 ante

420 3658 521 3718 omnia,
535 3652 742 3713 succurrendum
763 3652 813 3707 est.
836 3651 986 3706 Plurimum
1002 3648 1093 3705 valent
1109 3645 1219 3710 omnia,
1240 3659 1299 3716 quae
1310 3637 1431 3713 corporis

421 3738 536 3794 humida
557 3739 642 3792 nimio
663 3734 724 3791 aestu
745 3734 839 3788 coacta
859 3732 967 3787 diluunt
989 3748 1069 3805 atque
1090 3740 1217 3782 tenuant.
1238 3724 1354 3777 Dari&
1374 3736 1432 3773 cre-

420 3819 498 3875 brius
518 3819 601 3875 inore
623 3814 861 3873 contineridebent
882 3813 993 3868 decocla
1007 3824 1047 3865 'ex
1057 3805 1254 3864 emollientibus
1270 3802 1357 3876 'atque
1367 3799 1433 3855 hor-

421 3900 492 3964 deu,
512 3900 556 3954 cui
579 3898 742 3966 adjiciuntur
763 3890 856 3967 syrupi
878 3892 912 3946 de
932 3891 1048 3955 althea,
1070 3888 1205 3944 violarum
1226 3882 1432 3954 &capillorum

406 3979 542 4043 ueneris,
564 3977 608 4031 vel
628 3978 690 4031 loto
710 3970 944 4042 horumoxymel.
967 3970 1050 4033 Sunt,
1071 3969 1119 4041 qui
1141 3982 1220 4039 rapas
1241 3964 1371 4028 contritas
1386 3977 1432 4015 co-

419 4074 526 4136 quunt,
547 4056 616 4113 bene
636 4053 795 4130 despumant
815 4068 978 4126 atqueaegro
999 4049 1084 4113 dant,
1105 4065 1186 4123 quem
1204 4060 1331 4109 monent,
1352 4043 1433 4108 urea,

420 4156 564 4214 antequam
581 4136 713 4202 devoret,
734 4152 815 4209 quam
834 4130 977 4188 'diutiffime
999 4131 1083 4187 inore
1104 4126 1253 4185 contineat.
1274 4126 1367 4181 Etiam
1388 4142 1433 4179 ra-

419 4221 469 4277 dix
490 4220 686 4297 glycyrrhizae‚
707 4212 897 4289 farl'aparillae,
915 4212 1002 4270 herba
1023 4210 1112 4286 capilli
1131 4209 1254 4274 veneris,
1275 4210 1355 4263 flores
1371 4224 1433 4269 vet·

420 4298 511 4367 basci,
532 4299 646 4365 malvae,
667 4317 700 4353 ex
718 4294 840 4368 aquavel
861 4294 939 4348 latus
957 4290 1020 4348 fero.
1036 4309 1205 4367 coquuntur.
1228 4287 1433 4346 Proluntetiam

422 4399 556 4440 cremores
574 4398 608 4435 cx
629 4376 779 4452 amygdalis
800 4379 826 4429 &
848 4370 946 4429 semine
966 4374 1106 4446 papaveris
1127 4373 1215 4445 parati
1232 4411 1241 4437 2
1261 4388 1291 4426 ut
1312 4375 1339 4426 δε
1359 4369 1434 4445 gela-

423 4464 482 4520 tina
502 4481 535 4517 ex
556 4478 640 4516 cornu
661 4458 733 4512 cervi
754 4494 764 4521 2
785 4457 829 4510 cui
850 4455 1079 4529 quamplurimum
1101 4448 1172 4507 succi
1194 4451 1263 4505 acidi
1286 4451 1364 4519 adiici
1385 4450 1434 4506 de-

421 4544 485 4602 bet.
507 4539 646 4594 Gelatinas
666 4553 758 4591 tamen
779 4534 936 4589 ardentibus
957 4532 1082 4589 febribus
1104 4551 1158 4589 non
1179 4528 1242 4587 satis
1264 4531 1374 4587 idoneas
1394 4529 1435 4587 esa

418 4620 466 4692 fe,
487 4620 584 4678 medici
605 4636 659 4676 non
678 4617 821 4693 ignorant.

424 4726 426 4728 ’
661 4718 663 4720 ·
870 4705 895 4761 §.
917 4700 984 4765 926.

462 4788 527 4843 Hcec
546 4786 640 4841 omnia
659 4796 752 4845 veru,
779 4797 838 4856 qua
859 4778 1015 4835 emolliendi
1038 4776 1195 4834 facultatem
1217 4774 1343 4842 habent,
1371 4795 1434 4850 pro-

420 4865 508 4934 sunt,
529 4863 548 4921 ft
569 4867 598 4920 in
618 4881 666 4919 ore
687 4861 790 4918 diutius
819 4864 1016 4917 continentur.
1046 4861 1088 4916 Ex
1110 4861 1144 4915 iis
1166 4861 1248 4915 etiam
1270 4861 1341 4914 recie
1367 4856 1439 4927 liunt

421 4946 668 5025 gargarizationes,
688 4962 736 5000 nec
758 4960 810 4999 non
831 4943 947 4999 lotiones
965 4938 1055 4998 subter
1076 4943 1106 4997 in
1126 4941 1217 4997 alvum
1227 4940 1338 4996 dandae.
1362 4942 1435 4996 lnter

423 5027 544 5086 remedia
565 5026 644 5081 etiam
664 5025 703 5081 est
722 5024 862 5081 nitrum&
884 5021 1083 5101 salprunellae,
1105 5022 1219 5079 fimulta
1241 5042 1313 5098 aqua
1324 5022 1435 5078 diluun-

424 5126 487 5165 tur.
509 5110 637 5164 Praeterea
657 5104 719 5163 satis
741 5102 833 5162 efficax
855 5106 892 5163 ad
911 5124 1019 5163 mutum
1040 5125 1072 5160 ex
1094 5103 1220 5161 faucibus
1240 5104 1434 5181 detergendum

425 5189 463 5247 est
484 5188 703 5247 medicamentum
723 5207 757 5243 ex
778 5189 885 5255 moris‚‘
901 5188 943 5245 vel
958 5207 991 5244 ex
1012 5184 1145 5254 nucibus,
1165 5187 1234 5245 roob
1255 5186 1433 5243 diamoron&

424 5271 569 5327 dianucum
589 5268 751 5328 nostratibus
772 5269 903 5338 dicium,
932 5267 1009 5347 quod
1030 5267 1115 5330 melle'¹
1134 5287 1196 5326 cum
1218 5265 1278 5325 rofa
1299 5270 1385 5344 excipi
1407 5273 1433 5324 bc

425 5351 558 5412 mediante
577 5352 708 5426 penicillo>
725 5351 859 5409 ulceribus
879 5353 958 5409 illini>
970 5352 1072 5426 potest.
1094 5352 1131 5407 Et
1152 5351 1195 5407 his
1216 5350 1357 5408 commode
1365 5369 1434 5426 pau-

425 5436 513 5490 tiores
533 5435 640 5507 guttulae
660 5431 768 5509 spiritus
789 5434 893 5493 vitrioli
915 5433 1096 5504 adjiciuntur,
1118 5449 1149 5489 ut
1170 5434 1205 5490 ad
1226 5432 1433 5509 purgandafbaec

425 5515 514 5572 ulcera
535 5517 562 5569 bc
583 5512 750 5573 resolvendas
773 5512 894 5573 mucosas
915 5513 1294 5573 crustulasmedicamentum
1315 5512 1433 5571 validius

423 5594 473 5652 fit.
496 5592 668 5661 Infantibus‚
687 5596 820 5673 liaphtbae
841 5595 894 5655 fine
908 5596 983 5656 febre
1004 5593 1208 5677 funt5proficit
1228 5588 1434 5661 rhabarbarum‚

423 5681 451 5735 dc
471 5677 490 5733 fr
510 5676 602 5757 yidus
623 5675 746 5739 lactantis
767 5695 903 5741 mutatur.
978 5730 980 5733 .
1043 5735 1044 5738 ,
