4667 6609
516 2603 899 2644 osstuuuouar.
1115 2589 1117 2592 ’
1175 2594 1224 2653 365

203 2680 361 2740 calamentis
380 2682 511 2740 contineri
526 2687 579 2751 iam
600 2683 699 2738 retuli.
721 2686 818 2739 Omnis
838 2683 955 2740 medulla
974 2686 1136 2760 incorpore
1153 2684 1226 2740 intc-

202 2780 272 2838 gro‚
292 2767 319 2821 δι
341 2764 417 2839 quod
440 2760 579 2838 quiescit,
600 2761 707 2834 pinguis
726 2764 765 2815 est
784 2767 812 2815 ὅ(
834 2762 951 2818 oleosat
973 2765 1019 2819 uhi
1038 2784 1104 2821 vero
1124 2783 1224 2842 corpus

201 2843 343 2903 infirmum
360 2844 469 2897 &mali
489 2840 600 2895 habitus
620 2840 675 2903 est,
696 2839 738 2895 vel
752 2835 857 2906 senile,
878 2841 936 2915 post
952 2840 1059 2915 longam
1073 2847 1225 2904 etiaminc-

201 2922 276 2980 diam
297 2937 380 2995 atque
401 2920 512 2974 multam
534 2920 758 2976 exercitationum
770 2918 995 2996 defatigationem
1009 2922 1055 2978 illa
1076 2927 1165 2982 tenuis
1182 2925 1223 2994 fit,

202 2998 323 3066 famosa,
345 3001 432 3057 acris.
455 3002 486 3056 lu
503 3000 554 3066 lie,
574 3001 676 3075 quibus
691 3020 819 3057 venereus
839 3003 950 3060 morbus
966 3024 1015 3080 per
1031 3006 1145 3063 humida
1166 3007 1224 3065 dif-

202 3081 276 3142 fusus
297 3082 358 3148 est,
387 3077 442 3138 olla
462 3081 628 3138 emedullata
648 3099 731 3158 atque
754 3082 841 3139 multo
861 3085 966 3143 leviora
986 3084 1079 3143 fiunt.
1108 3088 1222 3146 Nemini

199 3161 343 3224 obscurum
364 3163 419 3231 est,
441 3163 576 3229 medulla,
597 3183 656 3241 quac
676 3162 774 3220 ollibus
795 3163 908 3233 iusrdet,
927 3163 1014 3233 effici,
1037 3185 1066 3223 ut
1087 3168 1131 3225 his
1146 3190 1223 3246 quac·

200 3248 264 3304 dam
284 3247 383 3302 flexilis
406 3246 523 3301 mollitia
544 3245 600 3313 fit,
628 3250 655 3303 δι
675 3246 846 3322 prohiberi,
875 3265 932 3325 quo
954 3249 1049 3304 minus
1062 3247 1121 3305 hacc
1142 3249 1222 3308 facile

200 3326 338 3387 findantur
359 3326 593 3404 frangantutque.

210 3449 213 3452 ,
293 3450 296 3451 ⁷
350 3446 353 3449 .
628 3439 639 3452 ,.
653 3418 678 3476 5¹
704 3432 737 3466 10
742 3430 757 3484 3
764 3431 788 3485 3·
991 3440 993 3442 -

212 3498 215 3503 ’
241 3490 426 3552 Neceffarium
448 3492 509 3560 est,
533 3491 669 3549 medentes
690 3491 856 3561 bechire,
877 3513 937 3550 cum
956 3513 1050 3552 omnes
1071 3492 1113 3552 hae
1133 3493 1227 3553 ollium

200 3591 289 3650 partes
307 3596 340 3632 ex
349 3577 434 3631 variis
454 3574 539 3631 causis
560 3574 721 3630 laborare&
741 3594 773 3630 ex
795 3576 839 3630 his
861 3578 938 3631 multi
958 3595 988 3632 ac
1007 3576 1126 3652 pestiferi
1138 3578 1227 3635 morbi

201 3657 270 3712 oriri
287 3653 406 3714 soleant.
427 3658 519 3721 Nam,
541 3654 724 3730 fiperiostium
738 3675 880 3712 externum
895 3657 1099 3722 inflammatur,
1121 3661 1229 3724 inflam-

201 3738 290 3794 matio
307 3755 373 3794 vero
391 3736 425 3792 ad
447 3735 666 3811 suppurationem
689 3733 804 3812 spectat,
824 3737 881 3793 haec
897 3738 1055 3795 membrana
1066 3736 1102 3793 ab
1122 3736 1175 3807 offe
1185 3740 1231 3794 di-

201 3818 310 3875 ducitur
334 3821 361 3874 &
378 3820 587 3893 corrumpitur.
615 3816 683 3873 Offis
708 3819 792 3894 igitur
813 3820 932 3875 exterior
950 3837 1040 3894 pars,
1058 3820 1190 3895 quoniam
1211 3839 1228 3876 a

201 3901 330 3974 periostio
346 3899 453 3955 nullum·
472 3900 631 3955 alimentum
649 3901 770 3974 accipit,
792 3902 905 3957 vitiatur
925 3919 1008 3977 atque
1025 3902 1181 3968 emoritur,
1202 3906 1231 3957 δι

201 3999 232 4037 os
249 3977 386 4037 cariosum
404 3978 447 4036 fit.
465 3981 629 4036 Hocetiam
651 3981 766 4047 accidit,
786 3979 877 4038 flictu
897 3982 1011 4057 aliquo,
1031 3982 1073 4037 vel
1090 3982 1144 4037 alia
1162 4002 1231 4039 caua

201 4058 250 4127 sa,
272 4061 427 4117 membrana
447 4062 481 4117 ab
499 4057 554 4117 offe
571 4060 725 4117 diducitur.
747 4062 775 4116 Si
797 4062 929 4128 humida,
950 4081 1011 4138 quac
1025 4057 1165 4137 per'oisa,
1185 4080 1229 4121 et-

200 4145 256 4197 iam
276 4140 438 4206 durillima,
460 4140 619 4199 naturaliter
641 4139 789 4206 feruutur,
810 4143 840 4198 in
857 4143 900 4198 his
919 4162 955 4199 ex
974 4142 1029 4200 suis
1050 4144 1229 4218 receptaculis

202 4218 376 4280 effunduntur
397 4242 477 4299 atque
498 4219 639 4297 quiescunt
656 4261 666 4287 2
691 4222 744 4279 illis
765 4219 859 4279 ollium
883 4222 956 4278 fibra
976 4225 1142 4280 diducuntur
1158 4264 1169 4292 «,
1199 4229 1228 4281 &

202 4299 321 4359 nascitur
339 4323 456 4369 tumor,
486 4305 535 4378 qui
556 4297 680 4380 ἑξόςωτις
701 4320 844 4358 vocatura
874 4304 902 4357 Si
925 4301 1018 4358 succus
1038 4303 1086 4360 ille
1107 4307 1228 4362 extalis

202 4382 256 4441 suis
273 4380 379 4440 emissus
401 4385 486 4441 bonus
509 4384 565 4450 est,
586 4387 676 4459 qualis
697 4379 747 4440 effe
768 4380 852 4446 solet,
873 4402 930 4459 quo
945 4383 1035 4440 medio
1056 4383 1143 4441 frana
1165 4405 1231 4442 cou-

204 4463 325 4532 servent,
346 4465 393 4520 ille
416 4466 443 4521 in
463 4465 564 4522 callum
585 4465 718 4531 duratur,
740 4465 789 4538 qui
810 4464 920 4520 tandem
942 4466 971 4519 in
992 4485 1024 4523 os
1045 4468 1182 4534 vertitur,
1203 4471 1231 4524 ἃ

202 4564 293 4614 tumor
312 4546 491 4621 benignusest
508 4569 542 4601 a.
564 4548 594 4601 Si
607 4564 672 4602 vero
693 4543 769 4599 aliud
791 4544 888 4598 vitium
911 4542 1016 4612 subest,
1037 4551 1063 4602 ἃ
1082 4547 1182 4605 humor
1196 4549 1232 4604 il-

203 4630 227 4684 le
249 4629 338 4684 acrior
353 4646 407 4684 non
428 4624 515 4683 solum
536 4625 627 4683 offium
650 4623 732 4679 fibras
753 4622 825 4677 inter
847 4618 873 4678 se
894 4621 1026 4689 diducit,
1048 4623 1094 4680 sed
1117 4646 1230 4702 quoque

203 4710 366 4784 cuestatque
387 4705 555 4781 corrumpit,
575 4703 699 4762 exollofis
720 4702 821 4759 dicitur
840 4705 959 4779 maligna
976 4708 1007 4760 b.
1031 4708 1061 4760 ln
1073 4707 1117 4761 his
1135 4726 1228 4765 turno-

203 4791 278 4848 ribus
293 4790 603 4864 nonnumquam‘putris
619 4805 683 4843 caro
705 4785 858 4860 reperitur¹>
876 4805 935 4861 qua
953 4783 1024 4842 nasci
1043 4785 1228 4847 cousueviteu

203 4870 354 4928 minoribus
371 4890 418 4946 per
437 4866 492 4926 offa
513 4868 726 4926 dilcurrentibus
748 4868 875 4932 arteriis,
894 4886 973 4942 qua,
995 4865 1170 4945 crescatque
1192 4872 1232 4927 h·-

203 4971 285 5029 quata
307 4972 353 5027 per
372 4952 499 5008 vitiatum
522 4951 665 5007 humorem
684 4946 756 5006 ollea
777 4950 917 5015 materia,
940 4948 1019 5025 fungi
1038 4951 1065 5004 in
1088 4952 1198 5009 modum
1220 4995 1230 5020 ,

205 5031 354 5091 increscunt
370 5055 398 5089 c.
421 5034 463 5088 Ex
478 5031 573 5088 eadem
584 5030 666 5089 causa
682 5031 825 5090 &vitiatis
844 5030 1006 5086 humoribus
1025 5050 1232 5110 nonnumquam

205 5112 276 5183 offa,
298 5132 516 5191 nuncupatae,
537 5111 583 5172 sed
602 5132 687 5180 tota,
708 5109 917 5178 intumescunt,
939 5112 1013 5187 quod
1035 5113 1124 5170 morbi
1146 5135 1230 5191 genus

206 5195 358 5269 irrepit-ortt
379 5217 395 5253 a
415 5197 611 5254 recentioribus
639 5212 751 5253 vocatur
774 5199 817 5249 d.
851 5195 940 5250 Immo
961 5195 1097 5250 interdum
1118 5196 1172 5253 olla
1192 5201 1235 5254 ita¹

207 5278 380 5354 mollescunt,
401 5297 449 5346 ut,
470 5279 647 5353 qualicerea,
670 5278 739 5333 decli
757 5292 877 5350 queant,
896 5294 973 5352 quae,
988 5294 1017 5334 ut
1033 5277 1161 5346 videtur,
1176 5283 1233 5336 aci·

208 5365 244 5420 do
266 5361 417 5436 inprimis,
438 5361 554 5417 humore
575 5360 721 5425 emollita,
741 5376 800 5414 tum
819 5355 1002 5415 musculorum
1027 5361 1151 5427 afflone,
1173 5380 1232 5418 tum

209 5446 329 5519 corporis
346 5443 480 5517 pondere,
502 5439 690 5499 incurvescunt
707 5462 735 5497 e.
757 5441 788 5495 In
810 5440 872 5496 aliis
888 5445 977 5497 oritur
995 5443 1063 5496 mira
1086 5439 1233 5520 fragilitas,

207 5526 295 5592 adeo,
315 5541 346 5580 ut
363 5543 397 5579 ex
418 5523 471 5580 levi
493 5526 639 5590 contadu,
662 5540 788 5588 motuve,
810 5520 971 5598 frangantur
985 5518 1018 5589 f.
1041 5524 1074 5578 ln
1091 5523 1232 5583 hisomui-

208 5605 259 5663 bus
280 5608 372 5671 vitiis,
394 5623 454 5662 cum
472 5607 569 5662 ceteris
589 5624 735 5682 pertoturn
756 5600 967 5678 corpusdiffufis
989 5604 1169 5675 humoribus,
1189 5601 1232 5664 et-

207 5686 263 5745 iam
272 5687 388 5750 medulla
409 5704 537 5766 corrupta
557 5690 610 5749 est.
632 5691 722 5767 Quat,
742 5686 867 5830 staliqlpa
880 5703 978 5762 parte,
1000 5685 1170 5768 frequentius
1183 5709 1237 5748 tc«

859 5786 903 5827 aa
