4667 6609
403 2516 451 2575 136
760 2508 777 2542 t
812 2508 829 2541 u
863 2505 886 2543 r,
913 2502 932 2537 u
965 2502 986 2539 n,
1016 2500 1043 2535 s.

766 2590 770 2603 ³
838 2590 867 2650 ἓ·
896 2583 962 2655 382⁴-
1018 2622 1024 2643 .:
1218 2597 1220 2601 ⁶

433 2674 519 2748 Nuiia'
540 2670 597 2730 fere
619 2669 814 2728 medicamenta
839 2663 969 2723 desiderat
988 2657 1116 2722 vulnus,
1144 2651 1219 2731 quod
1239 2662 1345 2707 tanturn
1364 2649 1411 2707 di»

394 2754 497 2815 scissum
518 2755 555 2811 est
574 2758 602 2812 de
632 2772 750 2820 recens,
777 2756 805 2808 &
825 2750 901 2819 cujus
932 2766 985 2805 orte
1008 2738 1043 2797 fic
1070 2735 1171 2795 suendo
1200 2734 1297 2805 jundae
1318 2726 1407 2786 sunt.

393 2840 482 2907 Nulla
503 2854 575 2899 certe
595 2836 623 2891 iu
644 2831 731 2911 ipsum
760 2833 858 2890 vuinus
889 2824 1031 2907 ingerenda
1052 2818 1139 2886 sunt,
1167 2815 1213 2873 sed
1240 2811 1319 2887 supra
1340 2810 1408 2866 illud

395 2919 558 2995 imponenda
577 2918 724 2973 linamenta
745 2913 835 2973 ficta.
856 2906 965 2969 Vulnus
985 2906 1043 2984 pdst
1062 2900 1199 2977 obligatur
1221 2891 1305 2951 fascia
1325 2932 1334 2958 ,
1355 2910 1410 2947 nnn

395 3019 460 3059 vero
481 3016 542 3057 ante
563 2999 675 3056 tertium
695 3000 794 3064 diem,
823 2992 871 3051 nist
892 2992 968 3051 aliud
989 2985 1127 3066 quidhoc
1148 2977 1278 3037 desideret
1295 3015 1305 3041 ,
1325 2968 1411 3029 solvi-

395 3101 460 3142 tur:
481 3100 539 3159 quo
568 3098 690 3159 tempore
711 3078 788 3157 super
809 3076 877 3133 iilud
897 3075 959 3131 dari
978 3069 1063 3147 potest
1083 3065 1305 3122 medicamentum
1326 3053 1411 3129 gluti-

396 3182 482 3231 nans,
499 3170 514 3238 γ(
525 3163 611 3236 383.)
631 3162 760 3240 quodque
778 3162 849 3217 aeris
870 3174 968 3213 noxam
987 3149 1086 3207 auertit
1103 3191 1110 3203 .
1130 3148 1188 3204 Nec
1203 3157 1293 3197 tamen
1313 3135 1367 3191 hnc
1383 3136 1412 3191 in

396 3244 467 3316 iilud
488 3246 573 3319 ingeri
589 3245 685 3301 debet.
707 3244 768 3298 Ubi
786 3240 897 3296 cicatrix
916 3234 1027 3287 indudia
1041 3229 1102 3295 est,
1120 3227 1201 3285 educi
1212 3224 1277 3284 vlina
1292 3213 1412 3294 possunt,

397 3326 428 3381 id
451 3326 626 3397 quodetiam
651 3322 780 3393 impositis
801 3319 935 3389 utrimque
957 3308 1035 3389 super
1058 3328 1121 3367 oras
1145 3303 1272 3382 glutinati
1286 3299 1411 3380 ⁵uulneris

397 3404 491 3479 digitis
506 3401 566 3458 fieti
585 3396 684 3458 neceffe
703 3400 757 3455 est⁴
1262 3436 1264 3438 ,

436 3564 611 3642 Quandoque
642 3580 733 3623 tamen
758 3560 856 3618 vulnus
882 3599 891 3628 ‚
920 3556 995 3632 quod
1024 3552 1194 3629 aiiquantum
1222 3540 1346 3603 collisum
1372 3538 1415 3610 vei

397 3648 545 3706 alienatum
565 3648 628 3714 est,
649 3644 691 3705 sui
711 3660 844 3719 oportet.
866 3640 987 3696 Maxime
1007 3635 1060 3691 hoc
1082 3632 1111 3688 fit
1130 3673 1140 3698 ,
1159 3630 1179 3685 fi
1200 3626 1306 3704 aliquid
1327 3624 1362 3680 ab
1383 3642 1416 3679 eo

396 3728 555 3805 dependet,
575 3726 650 3805 quod
672 3726 806 3783 mediante
828 3718 910 3778 fascia
931 3713 1069 3774 nonsatis
1092 3711 1189 3769 adduci
1210 3713 1237 3764 dc
1258 3710 1288 3763 in
1308 3702 1355 3766 sua
1376 3700 1417 3760 se-

398 3810 434 3866 de
454 3811 587 3865 contineri
608 3808 711 3881 potest,
731 3810 757 3861 δε
779 3804 826 3859 ubi
849 3818 935 3857 metus
956 3799 1014 3862 est,
1035 3815 1068 3849 ne
1089 3796 1170 3847 nimis
1191 3790 1246 3843 iata
1266 3788 1356 3862 postea
1377 3788 1417 3841 ci-

398 3892 486 3945 catrix
507 3888 558 3943 fit.
581 3891 614 3942 In
634 3889 686 3942 hoc
707 3883 768 3939 casu
790 3878 884 3937 sutura
903 3897 967 3934 oras
989 3880 1027 3930 ita
1047 3877 1156 3947 jungere
1178 3868 1289 3932 debet,
1310 3882 1340 3927 ut
1358 3866 1417 3927 ,inae

396 3968 425 4025 se
445 3988 478 4023 ex
499 3984 559 4024 toto
579 3966 653 4021 haud
674 3965 858 4036 contingant,
880 3976 964 4032 utque
985 3954 1038 4019 fit,
1060 3972 1114 4027 qua
1134 3952 1235 4006 humor
1256 3951 1330 4003 intus
1351 3965 1417 4003 con-

398 4065 486 4113 cretus
507 4064 638 4104 emanet.
666 4048 726 4101 Hoc
747 4044 828 4099 etiam
850 4038 946 4099 vuinus
972 4036 1082 4112 purgari
1105 4032 1211 4097 debet,
1242 4048 1327 4103 quare
1348 4030 1417 4086 inter

398 4149 462 4191 otas
479 4129 625 4209 ingerenda
644 4123 705 4185 suut
724 4124 919 4185 medicamenta
931 4118 973 4179 *ad
989 4118 1018 4176 id
1037 4115 1151 4175 idonea.
1171 4118 1182 4187 (
1191 4109 1278 4185 387.)

848 4257 874 4313 §-
903 4248 969 4320 384»
1395 4309 1397 4311 ,

444 4380 533 4435 Omne
554 4388 643 4432 autem
664 4373 789 4437 vuinus,
810 4360 886 4443 quod
907 4378 1011 4424 tantum
1031 4357 1165 4421 disciffiutn
1185 4358 1222 4415 est
1240 4399 1249 4425 ,
1269 4376 1323 4414 non
1343 4354 1421 4414 coili-

402 4456 489 4522 i‘um,
517 4456 597 4509 modo
615 4472 670 4507 orae
690 4455 747 4518 ejus
769 4450 891 4501 adductae
911 4449 961 4497 fine
982 4485 991 4507 ,
1022 4450 1049 4498 &
1070 4463 1163 4498 contra
1186 4448 1249 4496 aera
1270 4438 1422 4494 custodian-

402 4556 465 4603 tur,
485 4535 530 4591 vel
551 4552 597 4609 per
618 4528 645 4586 se
666 4524 797 4592 sanescit,
818 4526 862 4601 vel
883 4520 1013 4597 impofitis
1034 4517 1259 4581 meditamentis,
1281 4536 1338 4592 quae
1361 4524 1422 4574 aera

401 4632 552 4681 auertunt.
573 4611 656 4679 num
675 4612 748 4668 enim
769 4607 918 4683 generatim
939 4608 965 4660 δι
987 4601 1022 4657 ad
1048 4602 1170 4665 omnia,
1197 4600 1279 4654 etiam
1300 4596 1424 4665 collisa,
1453 4648 1455 4651 ,

351 4736 352 4739 =
402 4701 515 4758 vuineta
536 4696 672 4771 pertinens
693 4692 797 4747 dictum
817 4689 896 4753 erit,
921 4687 1011 4763 primo
1031 4683 1077 4739 die
1095 4684 1231 4759 optimum
1253 4676 1327 4745 effe,
1348 4679 1368 4734 fi
1390 4678 1425 4734 n-

397 4798 530 4847 -namenta
560 4774 627 4831 sicca
655 4774 690 4828 iis
720 4773 892 4847 imponuntur
915 4766 999 4825 „Ad
1019 4764 1118 4822 vulnus
1148 4780 1214 4832 uem
1244 4758 1424 4826 curandum,

404 4852 624 4937 quod.collisum
645 4872 700 4911 non
720 4854 785 4919 est,
815 4852 966 4928 plurimum
987 4844 1124 4910 confert,
1153 4840 1277 4897 fifascia
1298 4839 1424 4899 rariffime

404 4942 522 5001 solvitur
543 4942 569 4995 ὅ(
588 4956 644 4995 orae
664 4951 720 4993 non
739 4934 927 4991 diducuntur.
956 4928 990 4985 Si
1006 4946 1072 4984 veto
1102 4922 1274 5001 sequentibus
1295 4921 1424 4989 diebus,

406 5042 439 5084 ut
460 5024 529 5079 ae'ris
551 5040 621 5077 noxa
649 5034 815 5083 avertatur,
848 5010 955 5089 aliquid
976 5006 1054 5084 super
1083 5008 1136 5063 tale
1157 5005 1257 5064 vulnus
1285 5005 1426 5080 imponen-

407 5106 472 5162 dum
493 5103 530 5161 est
552 5143 561 5169 ,
587 5098 725 5177 superdari
743 5139 753 5166 ,
772 5117 827 5156 non
848 5113 916 5155 vero
937 5095 1009 5148 inter
1029 5087 1098 5166 ipim
1120 5107 1182 5147 oras
1204 5085 1311 5141 demitti
1333 5083 1425 5161 ,pos-

408 5185 469 5244 sunt
489 5184 596 5261 pulvilli
614 5202 648 5239 ex
669 5179 763 5257 spiritu
783 5178 896 5239 ardente
915 5169 1022 5249 expresst
1044 5214 1053 5240 ,
1085 5172 1128 5229 uei
1144 5169 1344 5229 ,linamentain
1364 5168 1426 5225 bai-

407 5266 483 5325 samo
503 5266 640 5342 quodam,
662 5263 696 5321 de
717 5263 832 5330 Mecha,
854 5252 1025 5324 Petuviano,
1046 5254 1080 5311 de
1102 5252 1189 5318 Toiu,
1210 5252 1295 5307 tinda
1312 5294 1318 5305 .
1336 5250 1426 5307 Com-

411 5348 603 5415 modumest,
632 5345 729 5409 sthaec
750 5344 845 5407 ultima
865 5344 982 5421 primum
1001 5337 1107 5399 vulneri
1136 5336 1359 5410 imponuntur&
1381 5330 1427 5389 su·

409 5428 556 5506 perdantur
577 5431 629 5487 alia
650 5427 822 5495 linamenta,
851 5445 884 5485 ex
905 5440 976 5501 aqua
995 5420 1149 5486 vulneraria
1171 5412 1287 5491 expressa
1309 5458 1317 5470 .
1339 5414 1423 5490 Super

407 5513 465 5570 haec
486 5510 594 5569 tandem
613 5511 688 5586 injici
708 5528 827 5572 ceratum
851 5551 860 5579 ,
888 5506 932 5566 vel
952 5504 1121 5581 emplastrum
1150 5498 1236 5581 potest
1257 5539 1266 5567 ,
1295 5495 1370 5577 quod
1390 5515 1422 5555 ea
