4667 6609
447 2514 495 2569 4⁸⁰
765 2492 1141 2542 suttutro.

445 2592 600 2658 omnibus,
628 2608 690 2664 quae
710 2582 839 2643 adversus
859 2583 1000 2639 oculorum
1026 2569 1183 2652 purpuraria
1204 2566 1308 2647 possunt
1330 2612 1339 2625 .
1368 2579 1462 2644 (292·

449 2693 514 2748 305.
534 2676 544 2744 )
567 2674 596 2729 Si
618 2673 645 2726 in
666 2667 786 2725 humidis
806 2667 904 2740 pituita
926 2660 1045 2718 abundat
1065 2698 1073 2723 ,
1093 2671 1201 2730 oportet
1221 2672 1281 2709 eam
1302 2652 1434 2723 expellere
1455 2692 1464 2718 ,

444 2763 473 2816 δι
494 2752 601 2813 curioso
622 2752 696 2809 vinu
720 2767 843 2812 cavere,
872 2766 905 2801 ne
926 2740 1029 2799 inutilis
1052 2739 1164 2793 materia
1190 2734 1297 2809 corpori
1325 2729 1468 2805 superfit,

445 2840 480 2894 In
501 2838 545 2894 his
566 2832 693 2897 cafibus,
714 2834 740 2885 ἃ
761 2830 789 2884 in
811 2827 969 2901 corporibus
991 2820 1150 2884 adstrictis,
1171 2818 1316 2892 plurimum
1337 2809 1465 2887 proficere

446 2917 533 2979 soient
554 2914 694 2971 minerales
716 2929 812 2986 aquae,
832 2928 902 2984 quas
923 2907 971 2961 diu
991 2908 1016 2958 ἃ
1039 2904 1137 2957 iterum
1158 2916 1251 2974 potare
1272 2911 1394 2970 oportet.
1416 2894 1466 2949 Et-

447 3002 502 3056 iam
522 2993 651 3072 prosunt,
671 3011 731 3069 quae
752 2993 859 3047 urinam
881 3004 1004 3050 mouent,
1025 2988 1051 3039 δε
1071 3003 1105 3039 err
1116 2982 1176 3046 hit,
1198 2998 1250 3055 prae
1270 2977 1383 3041 ceteris,
1406 2971 1465 3030 suc-

448 3100 496 3138 cus
516 3075 722 3151 millepedarum
743 3069 928 3147 sylvestrium,
950 3084 1064 3143 quarum
1087 3063 1199 3138 uiginti,
1220 3062 1348 3133 triginta,
1369 3060 1396 3111 de
1416 3052 1465 3111 sub

449 3160 532 3219 finem
552 3162 661 3234 piures,
682 3158 750 3211 viva
768 3154 877 3210 exvino
899 3152 926 3205 in
938 3148 1069 3205 mortario
1087 3161 1227 3201 teruntur.
1250 3142 1353 3196 Vinum
1375 3152 1466 3193 autem

449 3244 526 3300 horis
549 3238 687 3297 matutinis
707 3236 864 3310 perplures
885 3232 941 3286 dies
963 3227 1111 3284 bibendum
1132 3227 1192 3281 est.
1215 3223 1305 3278 Etiam
1325 3218 1392 3276 utiie
1412 3218 1467 3283 est,

441 3326 533 3379 cutim
554 3318 726 3381 exulcerati,
747 3317 788 3370 vei
810 3313 927 3369 admotis
948 3306 1151 3365 cantharidibus
1172 3346 1181 3371 ,
1202 3310 1296 3377 (937.
1315 3301 1402 3370 938.)
1424 3300 1467 3355 vel

450 3402 619 3466 fonticulis,
639 3404 651 3471 (
662 3403 729 3465 926.
748 3396 782 3451 ad
800 3414 815 3462 9
821 3413 867 3465 34.
888 3398 899 3460 >
921 3391 988 3457 vel,
1009 3390 1037 3444 id
1057 3388 1136 3463 quod
1157 3390 1302 3441 maximam
1321 3378 1469 3437 efficaciam

450 3485 561 3547 habet,
582 3478 685 3536 setaceo
702 3518 712 3543 ,
731 3483 744 3551 (
763 3476 854 3546 939.)
876 3491 905 3530 ut
926 3473 1001 3528 tuaiae
1022 3471 1140 3525 materiae
1159 3469 1247 3523 exitus
1268 3466 1322 3519 stt.
1343 3464 1372 3519 Si
1394 3461 1468 3517 aliud

443 3566 551 3622 vitium
572 3563 601 3617 in
621 3558 741 3617 humidis
762 3558 825 3622 est,
851 3554 940 3611 danda
962 3550 1022 3608 sunt
1043 3552 1153 3607 decocia
1174 3553 1200 3604 δι
1222 3545 1415 3602 meditamenta
1436 3562 1469 3599 tx

453 3644 604 3708 mercurio,
624 3639 771 3716 purgandis
791 3636 913 3693 humidis
923 3651 1004 3709 apta:
1026 3631 1043 3686 st
1064 3633 1122 3706 post
1132 3626 1240 3706 grauem
1262 3623 1396 3701 sanguinis
1407 3643 1470 3699 pro-

447 3725 584 3783 fusionem
605 3722 675 3779 oculi
697 3716 859 3781 hebescunt,
880 3722 905 3773 &
927 3716 1022 3769 harum
1033 3713 1220 3769 valetudinum
1241 3725 1341 3764 metum
1359 3705 1471 3770 fatiunt,

450 3805 544 3862 danda
566 3801 626 3858 sunt
647 3806 733 3872 jura,
763 3798 916 3871 exquibus
937 3794 1087 3849 radices&
1109 3794 1224 3854 herbae,
1253 3807 1312 3860 quae
1334 3786 1471 3859 aperiendi

453 3889 508 3942 vim
529 3883 647 3945 habent,
667 3879 783 3951 decoqui
804 3871 925 3951 possunt,
947 3873 1003 3928 Ubi
1014 3890 1079 3926 vero
1093 3870 1203 3935 oculus,
1222 3868 1271 3941 qui
1291 3866 1411 3941 caligat,
1429 3867 1471 3920 iu-

450 3960 595 4027 tumescit,
615 3956 808 4034 durusquefit,
830 3974 884 4011 non
905 3953 1013 4010 inutilia
1023 3949 1082 4007 sunt
1104 3949 1223 4008 fomenta
1232 3968 1265 4004 err
1282 3947 1377 4004 herbis
1387 3948 1472 4003 emol-

449 4045 601 4109 ⁴bentibus,
623 4061 637 4098 a
658 4041 758 4116 quibus
779 4035 828 4094 sub
850 4035 954 4100 finem,
975 4032 1121 4108 sraiiquid
1141 4053 1175 4089 ex
1196 4032 1348 4085 tumore&
1369 4028 1472 4084 duritia

457 4127 614 4189 minuitur,
635 4122 670 4177 ad
690 4118 862 4176 discutientis
883 4114 1072 4173 transeundum
1093 4113 1157 4170 est.
1188 4114 1260 4186 Saepe
1280 4112 1353 4166 enirn
1374 4111 1472 4167 virium

456 4209 500 4265 his
521 4207 643 4269 tollitur,
664 4202 683 4255 sr
704 4203 779 4275 prius
800 4200 924 4254 adhibita
945 4196 1054 4252 suerunt
1075 4195 1197 4261 auxilia,
1217 4212 1276 4267 quae
1297 4210 1359 4248 rnnx
1375 4210 1472 4265 praece-

452 4290 506 4363 ·pi,
522 4291 548 4342 ἃ
565 4304 626 4359 quat
642 4284 752 4337 noxiam
776 4281 917 4335 materiam
938 4277 1075 4351 depellunt
1093 4318 1100 4330 .
1116 4274 1195 4330 Nam
1215 4273 1267 4329 stne
1283 4273 1326 4330 his
1351 4270 1470 4328 fomenta

454 4362 606 4443 peruiciosa
623 4360 675 4419 eisc
689 4360 857 4437 quandoque
869 4356 991 4434 possunt.
1302 4368 1305 4371 ·

469 4498 472 4499 .
905 4448 941 4503 ς.
955 4456 1040 4508 1313.

499 4528 528 4583 Si
548 4543 614 4581 vero
634 4522 685 4577 hac
707 4519 830 4577 medendi
853 4521 957 4575 tatione
986 4519 1032 4573 iila
1054 4515 1184 4573 vitiorum
1204 4534 1301 4592 genera
1330 4534 1384 4572 non
1405 4518 1475 4573 inter

456 4609 539 4672 ,initia
558 4601 754 4669 discutiuntur,
775 4601 923 4656 uidendum
943 4600 1002 4665 est,
1021 4618 1085 4654 num
1107 4617 1201 4654 manus
1222 4597 1330 4654 curatio
1351 4597 1475 4654 adhiberi

457 4686 551 4765 possit.
574 4689 638 4741 Haec
657 4682 817 4758 potissimum
839 4682 927 4738 iocum
949 4681 1032 4738 habet
1053 4681 1081 4736 in
1101 4681 1297 4755 primogenere
1317 4675 1476 4745 suffufionis,

459 4768 555 4828 finon
576 4765 687 4821 mustum
708 4766 887 4821 inveteravit.
909 4764 983 4818 Nam
1006 4763 1131 4818 uitiorum
1152 4779 1255 4837 genus,
1277 4760 1342 4825 ubi,
1362 4763 1393 4815 &¹
1410 4760 1477 4825 iem,

457 4855 488 4908 dt
508 4851 567 4920 ejus
587 4847 784 4911 velamentum,
805 4847 903 4901 vitium
919 4861 1128 4908 contraxerunt,
1148 4842 1345 4898 curationi-non
1366 4842 1405 4897 ita
1417 4841 1478 4897 ido-

457 4949 543 4988 neum
563 4929 613 4984 est.
636 4928 726 4982 Etiam
747 4924 930 5001 supervacua,
951 4926 1008 4981 imo
1029 4944 1082 4981 non
1103 4925 1156 4980 fine
1177 4922 1296 4999 periculo
1312 4963 1321 4989 ,
1339 4923 1378 4979 eii
1399 4942 1478 4978 cura-

461 5013 504 5067 tio
525 5029 573 5083 per
591 5027 719 5073 manum,
739 5008 757 5063 st
779 5028 810 5063 ea
833 5007 979 5063 adhibetur
990 5006 1174 5082 glaucomati,
1194 5004 1236 5061 vel
1258 5001 1413 5069 suffusioni,
1433 5005 1476 5061 cui

459 5087 597 5167 prospices
616 5094 642 5145 bt
660 5088 802 5162 ἐμάυρωσις
823 5085 1009 5145 accesserunt.
1041 5086 1133 5163 Atque
1154 5086 1233 5161 ipsius
1262 5105 1372 5161 quoque
1394 5083 1478 5143 suffu-

460 5173 544 5227 sionis
565 5169 682 5244 quaedam
705 5171 845 5226 maturitas
864 5171 927 5226 est.
948 5165 1103 5244 Exspesiari
1126 5170 1209 5244 igitur
1229 5184 1336 5242 oportet
1354 5208 1362 5234 ,
1392 5167 1478 5223 donec

461 5248 570 5336 'suffusio
591 5251 714 5307 duritiem
736 5252 858 5325 aiiquam
888 5270 942 5308 non
962 5251 1073 5306 nimiam
1100 5251 1200 5307 habete
1221 5248 1372 5315 videatur,
1400 5252 1478 5318 eujus

463 5331 503 5389 rei
523 5332 652 5388 indicium
672 5328 722 5387 esse
743 5329 810 5388 solet
833 5372 842 5397 ,
863 5330 881 5387 fi
902 5332 1008 5388 homini
1028 5331 1095 5388 lucis
1116 5336 1143 5388 ὃ(
1165 5350 1254 5387 rtrum
1276 5372 1284 5397 ,
1312 5349 1371 5406 quae
1391 5329 1477 5386 oculis

460 5408 654 5478 obversantur,
675 5414 774 5487 aliquis
782 5410 884 5469 „sensus
906 5414 1014 5469 relisius
1035 5414 1071 5470 est
1088 5433 1098 5471 ς
1118 5416 1144 5469 is
1163 5431 1252 5477 -vet0,
1273 5431 1321 5468 nec
1341 5412 1409 5476 has,
1432 5428 1478 5466 nec

460 5496 568 5587 citiores
589 5534 598 5559 ,
617 5491 678 5548 satis
697 5491 847 5551 discernere
866 5494 951 5570 potest
971 5537 978 5550 .
1000 5494 1028 5549 Si
1048 5513 1152 5569 ternpus
1172 5495 1271 5570 eligere
1290 5494 1352 5549 iicet
1371 5530 1381 5557 ,
1402 5508 1480 5547 tura·

461 5592 522 5642 ³10⁷>
541 5593 625 5647 ,vesca
645 5569 805 5644 essedebetr
823 5576 868 5636 ves
888 5592 1038 5645 autumno,
1058 5575 1273 5642 nondumortis,
1294 5572 1337 5633 vei
1358 5574 1412 5645 jam
1423 5570 1481 5632 fra-
