4667 6609
551 2476 735 2518 SCIRRHUS
758 2475 800 2513 ET
824 2472 981 2511 cancer·
1245 2465 1278 2510 91

527 2590 529 2593 ·
701 2565 728 2623 ς.
757 2560 823 2610 266.

298 2638 378 2716 Quid
397 2657 462 2697 vero
484 2640 518 2697 de
548 2642 592 2696 his
621 2638 747 2695 omnibus
777 2632 939 2711 sperandum
968 2628 1195 2707 metuendumque
1216 2621 1279 2692 fit,

258 2717 324 2778 scire
344 2740 399 2779 non
418 2717 528 2779 difficile
548 2721 610 2775 est.
641 2717 766 2772 Scirrhus
787 2716 838 2791 qui
863 2730 957 2769 recens
977 2713 1014 2767 est
1038 2712 1211 2771 &nondum
1228 2725 1280 2767 oc·

258 2802 351 2857 calluit
367 2807 423 2873 5&
443 2802 492 2875 qui
513 2817 568 2853 non
590 2816 607 2851 a
627 2796 699 2871 mala
718 2793 799 2851 causa
819 2810 916 2859 ortus,
936 2810 992 2848 non
1011 2795 1093 2850 nimis
1113 2812 1227 2871 magnus
1248 2794 1277 2869 δε

258 2876 351 2938 scaber
370 2882 432 2947 est,
452 2884 479 2934 δε
502 2878 549 2931 ubi
571 2872 636 2930 vasa
655 2874 775 2929 nondum
796 2877 982 2929 intumuerunt
1006 2913 1019 2939 >
1044 2876 1092 2949 qui
1112 2878 1196 2933 etiam
1217 2892 1279 2931 mo-

259 2960 322 3018 bilis
343 2968 370 3019 &
390 2963 443 3016 sinc
463 2956 560 3011 dolore
580 2956 608 3009 in
629 2972 740 3026 corpore
771 2954 881 3029 integro
899 2951 962 3018 est,
983 2955 1140 3030 'aliquando
1159 2955 1279 3022 medica·

259 3045 356 3098 mentis
376 3040 494 3097 vincitur
514 3077 521 3089 .
543 3034 670 3090 Scirrhus
689 3033 847 3107 benignus,
868 3031 888 3088 fi
908 3033 934 3089 ei
955 3035 1029 3091 nulla
1048 3037 1091 3093 vis
1112 3037 1278 3103 adhibetur,

259 3120 335 3197 isque
355 3138 403 3175 nec
424 3115 631 3182 medicatione,
652 3133 700 3171 nec
721 3114 811 3180 aliis,
830 3120 1022 3189 (262263.)
1042 3117 1212 3182 concitatur,
1231 3115 1280 3174 lae·

260 3221 292 3277 pe
313 3200 348 3255 ad
369 3201 431 3254 vitae
461 3194 542 3252 finem
561 3196 625 3270 line
647 3216 725 3255 noxa
744 3195 858 3253 tolerari
885 3195 996 3271 potest,
1021 3194 1168 3270 (Confer.r
1182 3200 1248 3266 261.
1269 3199 1282 3265 )

261 3280 386 3339 Scirrhus
407 3279 568 3354 benignus,
590 3281 639 3353 qui
660 3299 708 3335 nec
736 3278 943 3335 medicamentis
963 3278 1063 3348 vinci,
1092 3295 1144 3335 nec
1172 3277 1284 3334 tolerari

220 3377 224 3384 ·
260 3362 345 3439 potest
363 3403 372 3430 ,
392 3380 440 3419 nec
461 3379 516 3417 non
535 3364 625 3416 omnis
647 3362 779 3433 malignus
800 3402 809 3427 ‚
831 3358 948 3437 scalpelli
969 3378 1080 3435 operam
1100 3357 1282 3418 defiderant5

260 3465 309 3502 nec
329 3462 421 3501 tamen
440 3445 462 3498 ii
492 3458 552 3499 tuto
579 3438 681 3517 semper
709 3435 830 3498 secantur
856 3486 864 3498 ,
892 3443 922 3498 Si
950 3444 1022 3498 enim
1048 3458 1135 3499 metus
1156 3442 1220 3509 est,
1249 3438 1283 3497 ne

260 3546 385 3592 nervus,
405 3543 439 3580 ne
461 3526 561 3580 arteria
582 3526 695 3596 maior,
716 3540 750 3577 ne
769 3542 840 3579 vena
861 3522 997 3579 incidatur
1015 3543 1023 3580 3
1049 3520 1068 3576 fi
1089 3540 1184 3580 tumor
1202 3522 1286 3579 altio·

261 3627 303 3664 res
324 3611 381 3681 egit
401 3604 506 3661 radices
528 3646 537 3671 ‚
558 3603 634 3682 isque
656 3602 784 3679 subjediis
803 3604 929 3679 partibus
950 3603 1084 3659 valentius
1106 3603 1245 3659 adhaerets
1266 3599 1286 3657 si

258 3709 277 3755 a
298 3690 386 3755 vitio,
406 3687 481 3763 qnod
503 3688 575 3743 intus
597 3690 627 3744 in
647 3685 760 3761 corpore
780 3686 818 3742 est
836 3728 847 3753 3
866 3703 958 3743 ortum
978 3685 1080 3742 habet3
1097 3684 1171 3751 vel,
1190 3681 1210 3739 fi
1226 3701 1288 3741 cora

260 3790 311 3847 pus
344 3772 372 3825 in
393 3788 448 3846 quo
470 3769 581 3837 haret,
602 3770 667 3825 mali
689 3769 802 3825 habitus
822 3768 860 3824 cst
877 3808 888 3835 ,
908 3772 937 3825 oc
957 3768 1064 3825 viribus
1085 3785 1102 3822 a
1122 3762 1197 3824 senio
1219 3764 1288 3822 alia-

261 3871 295 3911 ve
315 3849 394 3909 causa
415 3848 553 3908 defelium
569 3871 578 3911 ς
594 3852 635 3908 ’δε
663 3851 711 3908 ubi
742 3870 840 3908 cancer
867 3869 998 3907 mammas
1026 3846 1162 3918 infestat,
1192 3846 1288 3921 fijam

262 3934 391 4011 glandula
411 3930 461 3990 sub
483 3934 526 3989 ala
547 3934 705 3990 intumuit:
732 3955 748 3987 a
769 3950 820 3989 nec
850 3929 937 3988 fedio-
963 3931 1103 4006 prodest,
1130 3935 1158 3988 dc
1186 3932 1208 3986 ii
1239 3930 1289 4005 qui

263 4015 338 4085 ferro
358 4015 458 4072 malurn
479 4014 574 4071 tollere
595 4031 729 4078 tentant,
756 4014 916 4087 plerumque
938 4013 1050 4068 celerius
1078 4009 1217 4068 hominem
1238 4029 1288 4067 oc-

263 4098 382 4153 cidunt.
412 4097 442 4151 Si
463 4095 548 4150 etiam
567 4097 673 4150 curatio
703 4093 738 4146 ab
759 4094 842 4145 initio
863 4091 928 4145 satis
959 4090 1074 4146 feliciter
1095 4090 1188 4147 ceffiffe
1208 4091 1290 4147 vide·

263 4195 334 4244 tur,
363 4176 465 4230 malum
486 4191 578 4228 tamen
608 4172 753 4227 revertitur
776 4165 876 4224 ,Ubi
898 4166 978 4223 semel
1008 4166 1163 4243 scalpellum
1192 4169 1292 4227 frustra

264 4259 405 4314 admotum
425 4252 497 4319 fuit,
518 4254 547 4308 in
566 4255 625 4323 ejus
647 4248 697 4308 usu
708 4267 857 4326 numquam
878 4266 953 4307 certa
971 4247 1071 4307 fiducia
1084 4250 1144 4327 est.
1165 4251 1199 4308 In
1215 4252 1292 4310 omni

265 4338 369 4397 lcirrho
388 4340 538 4393 &cancro
559 4330 648 4401 serum
669 4332 801 4390 auxilium
822 4328 1018 4409 supervacuum
1038 4330 1096 4389 est.
1154 4348 1177 4378 τ

296 4476 310 4504 a
324 4458 452 4513 Femina,
476 4472 527 4519 qnae
541 4470 696 4513 mammarum
711 4452 822 4507 fenilio,
846 4451 886 4496 vel
898 4466 983 4497 cancro
999 4448 1133 4513 laborant,
1157 4454 1221 4500 iliis
1232 4466 1295 4503 cara.

266 4518 344 4565 menia
359 4532 405 4563 non
420 4514 482 4565 teile
498 4515 641 4571 procedunt,
655 4512 709 4566 vel,
724 4510 740 4553 fi
756 4507 883 4565 purulenta
897 4524 928 4555 ex
937 4509 1081 4566 genitalibus
1094 4526 1151 4557 cum
1163 4512 1292 4559 menstruis

265 4577 387 4630 feruntur,
401 4574 459 4631 sape
473 4582 565 4617 uterum
580 4569 683 4626 habent,
698 4582 769 4624 quem
785 4566 901 4625 scirtius,
915 4568 957 4612 vel
972 4568 1120 4630 carcinoma„
1134 4569 1250 4631 ,infestam
1265 4570 1292 4627 ia

266 4634 326 4694 quod
341 4633 412 4680 etiam
427 4630 504 4688 dolor,
519 4643 591 4689 quem
604 4627 648 4676 hac
659 4626 757 4687 regione
770 4624 897 4683 sentiunt,
913 4625 1041 4685 fignificat,

721 4738 748 4794 §.
773 4733 811 4783 26
833 4772 841 4785 .

308 4826 409 4901 Ergo,
429 4821 477 4879 ubi
499 4818 556 4897 spes
577 4819 641 4887 est,
663 4819 771 4890 (266.)
802 4748 937 4875 liirrhum
965 4818 1014 4894 qui
1045 4836 1174 4876 externas
1193 4834 1292 4897 corpo·

269 4909 308 4967 ris
328 4904 403 4963 sedes
424 4901 551 4971 infestat,
571 4900 631 4959 tolli
651 4899 740 4976 posse,
761 4897 841 4976 super
861 4918 998 4958 tumorem
1018 4900 1112 4959 danda
1132 4898 1215 4969 sunt,
1235 4921 1295 4981 quae

182 4986 184 4988 ’
240 4989 243 4993 ’
270 4991 441 5065 aliquantum
462 4985 608 5050 molliunt,
629 4985 762 5041 retentam
781 4982 924 5042 materiam
946 4982 1074 5041 mobdem
1094 4984 1238 5053 reddunt,
1257 4986 1296 5043 ast

272 5071 349 5129 simul
369 5066 508 5146 putredini
529 5066 676 5124 resistunt.
705 5066 805 5124 Sedulo
834 5070 907 5123 enirn
935 5069 963 5122 dc
984 5068 1013 5121 in
1041 5067 1085 5121 his
1107 5068 1296 5125 curationibus

248 5149 427 5211 tenendum·v
442 5151 480 5208 est
502 5191 512 5218 ,
538 5149 614 5227 quod
635 5145 738 5226 supra,
768 5148 803 5205 de
825 5148 1017 5226 glandularurn
1036 5150 1193 5207 tumoribus
1213 5148 1297 5208 resol-

271 5235 369 5293 vendis
398 5234 511 5308 (113.)
540 5233 678 5310 praecepi.
709 5233 782 5288 Inter
813 5232 982 5291 emollientia
1002 5234 1092 5307 prima
1111 5229 1173 5290 lunt
1196 5232 1297 5310 empla-

272 5319 325 5386 stra
346 5336 380 5374 ex
400 5314 504 5394 gummi
532 5331 627 5393 parata
656 5319 684 5373 oc
704 5334 737 5372 ex
764 5317 882 5391 cognitis
903 5314 1143 5390 eompofitionibus
1173 5316 1298 5382 malacii-

273 5400 335 5456 cum
355 5404 383 5456 δε
397 5399 571 5475 *diachylon,
591 5415 652 5459 tum
672 5396 796 5475 fimplex‚
817 5416 876 5456 tum
892 5396 1089 5474 compositum,
1110 5396 1225 5472 adiedio
1237 5398 1297 5455 dia·

273 5482 415 5558 phoretico
436 5480 584 5559 Mynficbti
605 5500 654 5542 nec
682 5500 737 5543 non
765 5484 868 5560 gummi
897 5481 1072 5561 galbanum,
1094 5478 1261 5563 sagapennrn
1283 5518 1296 5547 2

413 5572 414 5575 ’
931 5566 964 5621 M
1007 5582 1022 5619 2
1220 5577 1222 5579 ’
